3038 4864
222 271 273 343 3⁰
522 275 755 348 NICEPHORI
776 275 1016 348 GREGORAE
1045 281 1051 301 ⁸

103 456 131 504 Α.
149 455 182 505 ld.
224 445 274 510 καλ
291 437 307 509 ὅ
322 439 435 521 Ἀσδν,
463 437 802 528 συζευγνόουσινἝλίνη
818 447 857 527 τῇ
869 447 926 508 τοῦ
939 441 1033 508 Ἀσᾶν
1054 446 1188 530 θυγατρὶ
1210 443 1319 510 δεκαε-

110 522 179 644 Ἣο
223 557 272 613 τεῖ
289 545 368 631 οάσῃ
392 545 446 611 τόν
469 551 525 611 soii
543 547 694 629 βασιλέως
717 543 785 610 υἶδν
802 541 964 632 Θεόδωρον
986 546 1039 611 τόν
1052 547 1121 613 νίον
1134 545 1316 635 Λάσκαριν,

106 663 177 717 6763
222 648 316 735 μήπω
338 651 369 725 ἐς
389 649 444 714 τδν
460 645 577 736 ίφηβον
600 649 854 736 παραγγείλαντα.
896 656 1064 734 τηνικαῦτα
1087 652 1122 715 δέ
1142 652 1193 714 καί
1216 647 1233 716 ὅ
1257 658 1317 715 τοῦ

57 735 204 852 mififfl‘
222 751 381 841 Τερνόβου
391 753 554 829 ἐπίσκοπος
567 752 754 834 αὐτονομίαν
767 747 916 834 λαμβάνει
931 756 1070 836 διηνεκῆ,
1098 759 1143 841 τῷ
1164 753 1239 829 τίαις
1252 749 1317 818 siud

182 857 274 941 priv
291 843 522 944 άρχιεπίσιιοπον
538 862 594 940 τῆς
606 853 730 942 πρώτης
742 860 837 920 τελῶν
852 855 1085 939 Ἰουστινιανῆς,
1114 855 1165 921 διὰ
1185 855 1242 940 τὴν
1255 861 1339 920 τοῦ5

123 973 158 1031 V.
171 975 205 1030 14
222 961 333 1037 ἔθνους
346 961 460 1024 ἐκεῖθεν
475 959 606 1044 ἀρχαίαν
619 959 800 1044 συγγένειαν.
841 956 912 1046 (Δ.)
926 956 962 1024 Ὀ
976 961 1009 1024 δέ
1024 957 1184 1042 βασιλεδς,
1199 959 1318 1045 θέρους

218 1063 445 1149 ἐπιγενομένου,
468 1061 526 1138 τάς
546 1059 702 1154 Θρηκικάς
716 1085 749 1127 τε
765 1061 1043 1138 καλΜακεδονικιλς
1056 1065 1181 1149 περίεισι
1200 1061 1314 1142 πόλεις,

120 1176 154 1235 1³.
169 1181 202 1235 17
219 1165 389 1254 ἀρξάμενος
407 1165 457 1230 ἀπ’
481 1167 599 1247 αὐτῶν,
627 1162 670 1242 ῶς
691 1167 799 1245 εἰπεῖν,
827 1170 888 1230 τῶν
911 1165 1090 1244 Βυζαντίων
1113 1171 1235 1245 πυλῶν,
1264 1167 1318 1229 καὶ

218 1267 368 1346 ἐπελάσας
382 1267 452 1354 ίίχρι
470 1265 665 1358 Στρυμόνος,
692 1269 743 1333 καί
762 1271 924 1333 οἰκειοῦται
939 1266 1060 1347 πάσας,
1088 1265 1131 1334 ἐτι
1151 1267 1315 1350 ἱσταμένου

221 1379 278 1440 τοῦ
295 1369 506 1460 φθινοπώρου.
540 1375 592 1438 καὶ
608 1369 689 1438 οὕτω
703 1367 805 1436 πάντα
819 1370 933 1437 σκοπδν
948 1373 1144 1454 διαθέμενος,
1172 1369 1268 1447 αὐτός
1281 1395 1314 1436 τε
1325 1387 1362 1440 10

223 1479 266 1552 εἰς
278 1479 410 1540 Νίκαιαν
424 1473 612 1563 ἀνεχώρησε,
639 1477 691 1541 καλ
706 1475 760 1540 τὸν
775 1473 909 1563 στρατόν
923 1473 1039 1562 ἀφῆκεν
1053 1476 1084 1550 ἐς
1099 1474 1138 1540 τὰ
1153 1473 1230 1540 οἷ’κοι
1247 1477 1316 1542 δια-

219 1575 416 1664 χειμάσοντα.

302 1679 340 1748 l‘.
363 1681 535 1746 Ἐνταυθοῖ
549 1680 584 1744 δέ
603 1678 753 1768 γενομίνῳ
774 1685 830 1764 τῆς
853 1679 990 1766 ἱστορίας
995 1730 1005 1761 ,
1034 1679 1090 1746 οὐκ
1110 1675 1239 1765 άρεστόν
1260 1705 1316 1762 μοι

185 1784 324 1862 Bibere
347 1780 423 1849 εἶναι
447 1789 516 1870 σιγῇ
536 1789 702 1869 παρελθεῖν
721 1782 761 1847 τά
782 1785 850 1868 περὶ
874 1789 1025 1864 Σκυθῶν,
1053 1785 1086 1849 ἐν
1103 1779 1224 1860 τούτοις
1251 1793 1316 1860 τοῖς

220 1887 343 1977 χρόνοις
352 1884 690 1974 ἐπιδραμόντωνἈσίαν
706 1911 738 1951 τε
757 1887 807 1951 καὶ
821 1884 982 1972 Εὐρώπην.
1006 1883 1145 1969 βιάσεται
1158 1887 1217 1972 γάρ
1233 1883 1315 1970 ἡμᾶς
1326 1897 1360 1952 15

224 1989 241 2059 ὅ
271 1989 360 2077 λόγος
387 1988 502 2076 πρυΐῶν
526 1993 569 2065 είς
589 1989 629 2054 τά
656 1989 758 2054 αδτῶν
782 1986 928 2064 πολλάκις
950 1992 1105 2072 ἐμπίπτειν
1127 1987 1313 2073 διηγήματα,

223 2100 274 2162 καὶ
286 2095 385 2181 χρεῶν
401 2092 768 2180 άνακεφαλαιωσαμίνους
781 2089 874 2176 ἡμᾶς,
892 2091 1031 2159 καθόσον
1046 2089 1172 2172 οἷόντε,
1194 2097 1315 2158 διαλεκ-

222 2205 312 2265 κιῖναι
327 2197 367 2263 τά
385 2199 452 2284 περὶ
466 2196 568 2262 αὐτῶν
574 2245 584 2276 ,
613 2197 663 2260 καί
684 2195 883 2284 ἐναργέστερα
901 2197 1106 2282 παραπέμψαι
1121 2207 1188 2273 ταῖς
1207 2198 1317 2282 ἐφεξῆς

126 2357 128 2362 .
183 2291 190 2307 ’
221 2300 424 2380 ὖποθέσεσιν,
449 2301 502 2364 ‘iva
518 2299 562 2382 μὴ
575 2297 666 2364 αὗταί
678 2325 710 2382 γε
727 2295 857 2379 εἰδότες,
886 2294 950 2363 εἶτα
972 2300 1018 2363 ἐπὶ
1035 2306 1097 2364 τῶν
1111 2299 1167 2364 οάκ
1190 2297 1315 2366 *indecor

183 2410 206 2465 C
220 2401 261 2480 ῶς
275 2401 399 2470 ελδότιον
413 2399 586 2482 διεξιόντες,
605 2399 790 2488 ἁμαρτάνειν
801 2407 934 2484 ποιῶμεν
948 2402 1062 2479 oriundo
1076 2413 1143 2478 ταῖς
1158 2404 1361 2486 ἐπιβολαῖςέθ

219 2515 283 2572 τῶν
304 2509 426 2570 ἐννοιῶν
435 2553 445 2585 ,
474 2506 525 2569 καὶ
548 2503 645 2587 συχνά
665 2506 858 2586 μεταβαίνειν
879 2507 911 2582 ἐξ
930 2502 1040 2592 ἑτάρων
1060 2507 1101 2581 είς
1116 2503 1221 2592 ἑτέρας
1238 2505 1316 2570 ἂνα-

221 2609 337 2698 φοράς,
375 2605 476 2695 ῶσπερ
505 2605 538 2670 αἱ
559 2609 746 2691 κυνηγετικαί
768 2605 869 2688 κόνες,
908 2604 997 2673 ὁπότε
1018 2607 1074 2683 τάς
1100 2615 1163 2674 τῶν
1186 2615 1315 2694 λαγωῶν

213 2715 417 2798 ,λχνηλατοῦσι
436 2707 551 2792 νομὰς,
580 2709 678 2794 συχνὰ
700 2708 756 2795 τὴν
774 2709 843 2800 ῥῖνα
865 2710 942 2799 πρός
962 2713 1049 2798 λ’τερα
1071 2711 1103 2788 ἐξ
1121 2708 1230 2798 ἓτέριον
1245 2711 1314 2795 ίχνη

218 2812 417 2902 μετάγουσαι.
471 2810 541 2904 (Β.)
559 2811 675 2892 Ἔθνος
694 2814 761 2881 ἐστὶ
788 2813 1132 2901 πολυανθρωπότατοι,
1159 2814 1314 2903 βορειοτί-

287 2993 313 3050 4.
329 2994 384 3068 τῷ]
402 2990 435 3049 τό
452 2993 497 3046 W.
514 2991 542 3046 in
557 3010 610 3065 mg.

222 3165 310 3202 nesum
329 3147 471 3218 Imperator
495 3151 523 3200 et
545 3149 629 3212 Aeon,
653 3147 777 3202 Helenam
801 3147 892 3200 Ananis
915 3145 995 3200 liliam
1016 3146 1105 3202 deoem
1128 3163 1207 3200 onnus
1228 3151 1315 3202 natm

221 3217 386 3287 Imperatoris
399 3218 450 3270 tilio
463 3217 572 3270 nondum
585 3219 676 3286 puberi
689 3218 825 3270 Theodoro
834 3217 939 3270 Losoori
951 3216 1043 3270 iuniori
1055 3217 1219 3286 coniungunt.
1237 3217 1315 3270 'l'uno

223 3287 300 3340 etism
318 3287 434 3339 Ternobi
458 3287 593 3356 episeopus
614 3288 720 3340 liberam
743 3286 943 3339 iurisdictionem
965 3286 992 3338 in
1017 3295 1168 3356 perpetuum
1184 3286 1314 3354 impetrat,

224 3373 280 3408 oum
298 3357 331 3408 ad
348 3355 376 3407 id
394 3373 476 3438 usque
492 3360 591 3424 tempus
606 3356 702 3425 primae
714 3355 869 3408 Iustininnue
888 3353 1096 3476 archiefiscopo,
1120 3359 1227 3426 propter
1239 3360 1315 3406 vete-

219 3439 273 3477 rem
289 3423 358 3476 illius
375 3431 459 3492 gentis
478 3439 508 3476 eo
529 3423 670 3488 nationem,
693 3425 829 3494 puniisset.
865 3423 954 3493 (iv.)
984 3433 1114 3492 στρατεῖαι·
1138 3439 1200 3476 vero
1225 3429 1315 3476 secuta

219 3499 319 3546 aestate
331 3493 460 3546 Thraciae
476 3442 684 3546 etilaeedoniae
695 3495 771 3546 urbes
785 3492 890 3558 circuit,
907 3495 940 3546 ub
953 3493 1033 3563 ipsis,
1050 3500 1079 3545 ut
1091 3493 1129 3545 ite
1143 3491 1240 3556 dicam,
1257 3493 1315 3560 ny-

220 3562 329 3614 zontinis
346 3563 427 3630 portis
444 3559 606 3630 auspicatus,
627 3569 654 3614 et
669 3563 703 3615 ed
717 3563 876 3630 Strymonem
895 3579 925 3614 us
943 3579 976 3615 ue
995 3579 1148 3632 progressus
1165 3577 1251 3615 ornnes
1266 3579 1314 3612 su·

218 3629 299 3683 turoni
316 3631 389 3683 initio
406 3635 556 3700 recuperate
574 3637 608 3683 ¹et
620 3632 672 3694 sio,
691 3631 803 3683 omnibus
819 3649 885 3700 quoe
897 3581 1015 3684 voluerat
1027 3631 1170 3702 expeditis,
1188 3631 1314 3684 Nicaeum

218 3699 333 3763 recedit,
349 3699 472 3752 militibus
491 3699 589 3752 domum
608 3701 642 3752 ed
658 3699 839 3752 hibernandum
857 3700 976 3753 dimissis.

288 3767 312 3822 4.
330 3769 467 3837 Postquam
485 3774 571 3821 sutem
587 3769 621 3821 nd
643 3769 710 3820 hune
726 3768 848 3821 historiae
871 3769 953 3822 loourn
969 3769 1072 3822 ventum
1088 3771 1145 3834 est,
1167 3785 1219 3820 non
1236 3785 1313 3838 prse-

216 3837 335 3888 tereundi
351 3837 451 3890 silentio
468 3837 520 3889 risi
537 3843 595 3891 sunt
610 3837 736 3906 Scythae,
755 3838 799 3906 qui
815 3837 855 3890 his
872 3837 1028 3908 temporibus
1038 3837 1125 3890 Asiam
1141 3841 1168 3889 et
1181 3837 1314 3906 Europum

216 3910 278 3956 sunt
295 3906 439 3974 pervagati.
473 3905 541 3960 Nom
565 3923 704 3976 progressu
729 3906 852 3959 orationis
874 3923 953 3977 saepe
973 3907 1074 3959 illorum
1096 3905 1190 3958 mentio
1206 3905 1313 3958 incidet.

221 3973 310 4036 Quare
327 3975 457 4037 breviter,
482 3980 603 4044 quantum
620 3975 677 4028 lieri
693 3981 796 4047 potest,
822 3983 925 4046 oportet
941 3993 988 4028 nos
1011 3991 1097 4028 eorum
1112 3992 1155 4027 res
1172 3974 1315 4040 declarare,

219 4050 248 4096 et
264 4043 298 4095 sd
314 4043 479 4112 intelligendo
491 4061 535 4108 eo,
554 4061 620 4128 queo
634 4051 789 4114 sequuntur,
806 4045 997 4098 luculentiorem
1010 4061 1096 4096 esrum
1107 4043 1223 4096 notitiem
1237 4059 1315 4112 prse-

219 4111 337 4176 mittere3
368 4127 401 4164 ne
418 4129 463 4176 ea,
481 4131 545 4183 quse
560 4115 613 4183 ipsi
629 4113 736 4178 seimus,
757 4113 791 4166 iis
809 4114 853 4185 qui
869 4115 999 4180 nesciunt,
1025 4113 1100 4184 qussi
1116 4113 1228 4174 scirent,
1252 4129 1314 4166 υττ-

219 4181 316 4243 ταιιδο,
340 4181 481 4233 efficiamus
498 4191 528 4234 ut
543 4182 562 4234 ii
580 4182 702 4236 adhibitis
719 4183 864 4236 commentis
881 4200 898 4236 o
913 4201 976 4236 vero
998 4183 1132 4245 aberrent,
1156 4189 1184 4234 ot
1199 4181 1263 4235 alins
1279 4197 1316 4234 ex

219 4247 279 4302 eliis
296 4249 457 4308 coniecturas
475 4257 629 4320 sequentur,
645 4252 727 4304 veluti
744 4269 820 4304 onnes
837 4253 964 4318 venetici,
999 4251 1026 4304 ui
1039 4251 1063 4304 le
1097 4253 1168 4303 ribus
1180 4251 1315 4319 vestigen-

214 4316 257 4372 dis
273 4335 350 4373 nares
368 4319 403 4376 ed
419 4319 471 4374 siis
484 4327 564 4391 etque
575 4320 629 4374 elio
640 4321 752 4392 vestigio
764 4322 932 4376 trmuierunt.
966 4271 1043 4392 (il.)
1088 4335 1134 4374 ens
1148 4325 1189 4374 est
1203 4319 1315 4391 populo-
