2998 4872
283 328 366 383 mv
505 315 744 388 NlCEl'HORJ
766 313 1005 386 GREGORAE
1026 315 1180 388 OPERA.

292 478 361 542 dam
375 475 542 558 argumenti
553 475 705 540 historicis
717 475 938 536 Cautaummus
952 475 1040 554 longo
1052 484 1196 557 praestet.
1227 474 1276 536 do
1287 473 1388 538 Cino-

290 565 413 644 nologie
432 573 532 627 nmen
556 563 701 640 Gregorio
723 561 910 640 diligentior:
930 561 1023 622 immo
1042 561 1124 642 apud
1147 563 1390 624 contaminem

290 651 356 714 sere
382 650 476 712 nulla.
526 648 748 710 Cantaouasam
774 647 918 726 quaedam
939 646 1060 708 videtur
1082 648 1220 708 consuto
1242 647 1388 726 omisisse,
1486 715 1487 726 χ

293 755 369 816 quaa
392 737 537 814 Gregoras
561 731 644 794 haud
665 731 872 815 praetermisit.
915 731 1070 794 Eiusmodi
1095 741 1169 794 eunt
1186 751 1219 792 ea
1241 753 1318 812 quae
1335 733 1392 794 hic

291 831 397 882 nmat
413 821 450 882 de
463 817 614 896 synadeni
628 838 695 898 erga
715 818 921 880 Andronicum
936 817 1082 878 saniorem
1093 817 1329 895 inhumanitate,
1350 817 1392 878 de

291 905 412 969 Ioannis
432 903 599 984 Pslaeologi
616 904 787 976 natalibus,
808 903 962 983 delegatis
978 924 996 964 a
1011 904 1092 983 Papa
1105 903 1392 984 comtantinopolin

290 991 398 1067 musis,
420 999 449 1050 et
463 989 697 1050 elisionumars.
728 989 811 1050 Haeo
823 990 945 1068 inquam
959 987 1059 1050 omnia
1074 989 1237 1067 Gregcras,
1262 989 1316 1069 qui
1331 1009 1392 1050 nec
1487 1055 1488 1058 ,

187 1131 189 1136 .
290 1075 391 1144 illatas
420 1096 439 1134 a
459 1073 593 1134 barbaris
616 1076 715 1136 clades
735 1074 911 1136 dissimulat.
954 1075 1154 1136 Catncureuus
1173 1093 1246 1134 vero
1271 1093 1331 1134 nac
1351 1075 1395 1158 de

292 1157 466 1220 Nicomedia
487 1160 608 1238 quidem
632 1171 686 1222 aut
711 1159 749 1222 de
767 1161 876 1222 Nicaea
897 1161 962 1240 ipsa
983 1159 1090 1222 amissa
1114 1161 1298 1220 mentionem
1306 1158 1394 1220 fecit.

289 1237 350 1306 Hic
368 1245 446 1304 solas
466 1245 686 1324 quodammodo
709 1267 758 1308 rea
788 1246 986 1326 Byzantium,
1015 1254 1118 1306 noster
1138 1244 1228 1306 etiam
1248 1253 1393 1306 munus

290 1329 425 1393 Historia
444 1349 499 1390 sua
516 1333 690 1412 complexus
705 1341 760 1398 eat.
803 1333 935 1415 Uimque
955 1329 1049 1415 igitur
1066 1329 1210 1413 legendus
1220 1339 1251 1393 st
1260 1330 1339 1394 alter
1350 1349 1393 1394 ex

291 1415 592 1500 alterosuppleudua.
854 1455 858 1464 ·
1488 1439 1489 1464 1

734 1614 942 1634 m

676 1770 994 1840 OPERA.

375 1907 655 1992 ScripsitGregoraa
666 1910 817 1991 permulto
827 1907 1115 1974 vrriaeeruditionis
1127 1907 1290 1994 opuscula,
1307 1926 1393 1988 quo-

289 2013 357 2057 rum
371 2016 466 2076 pauca
482 1995 563 2076 typis
580 1996 734 2074 mandata3
749 1997 893 2078 pleraque
907 2005 1006 2057 autem
1017 2005 1121 2058 extum
1136 1993 1340 2074 manuscripto
1355 1993 1392 2052 in

290 2079 444 2140 codicibus
454 2081 615 2156 Vaticanis,
630 2081 788 2158 Caesareis,
802 2081 1048 2160 Scorialensibus,
1067 2080 1267 2157 Baroccinnis,
1283 2079 1391 2139 etaliis

288 2165 408 2244 multia,
429 2175 465 2226 ut
477 2167 583 2245 Regios
597 2165 715 2228 sileam:
739 2165 883 2246 quaedam
899 2168 972 2226 item
991 2168 1135 2230 videntur
1147 2165 1291 2246 temporis
1304 2163 1393 2242 longi
1490 2213 1491 2222 ,

287 2247 399 2310 iniuria
422 2249 619 2312 intercidisse.
661 2253 775 2312 Eorum
794 2255 856 2313 sere
880 2253 1015 2312 omnium
1033 2252 1173 2313 notitiam
1198 2249 1281 2311 dabit
1295 2249 1395 2310 iudex

286 2334 470 2416 uberrimus,
492 2357 530 2396 ex
545 2339 581 2398 n.
596 2337 630 2397 P.
644 2335 679 2396 D.
695 2337 840 2398 Beruardi
857 2333 884 2422 ¹)
907 2337 1036 2414 schedia,
1049 2339 1144 2398 Roma
1163 2335 1202 2396 ad
1218 2355 1273 2396 noa
1289 2343 1394 2394 mus-

285 2419 400 2500 missis,
422 2431 453 2482 et
470 2441 508 2481 ex
530 2422 622 2482 variis
643 2421 781 2483 codicum
803 2423 1077 2504 manuscriptorum
1100 2422 1242 2501 catalogis
1259 2419 1393 2480 concin-

285 2513 385 2565 natus.
427 2505 516 2566 Hune
530 2517 566 2567 tu
580 2527 690 2586 quaeso
704 2507 846 2584 indicam,
867 2505 966 2568 Auum
980 2508 1175 2586 nobilissime,
1195 2503 1393 2586 quantumvis
1491 2531 1492 2576 α

284 2587 428 2668 longum,
450 2599 549 2651 totum
572 2593 668 2652 oculis
682 2612 834 2674 percurre.
874 2591 912 2652 In
925 2603 1010 2653 tauta
1024 2593 1171 2654 librorum
1186 2593 1287 2672 copia,
1309 2599 1392 2670 quot
1491 2599 1492 2610 ¹

284 2669 337 2733 hio
355 2673 470 2736 videbis
492 2687 696 2755 enumeratos,
719 2679 776 2736 erit
791 2677 881 2738 credo
897 2679 1013 2760 aliquid
1030 2678 1112 2758 quod
1127 2677 1193 2758 ipso
1211 2683 1390 2756 argumento

278 2757 418 2840 'placeat3
442 2761 524 2840 quod
539 2762 681 2822 amissum
697 2760 814 2840 doleas5
838 2763 920 2843 quod
937 2784 976 2824 ex
991 2761 1243 2825 Bibliothecarum
1258 2761 1390 2844 pulvere

284 2845 350 2906 erui
377 2845 488 2926 cupias.
531 2845 629 2908 Erunt
651 2847 739 2908 etiam
762 2849 1012 2929 aliquasortaasa,
1035 2869 1164 2930 quorum
1175 2847 1321 2908 iacturam
1335 2846 1389 2906 ta-

285 2929 344 2989 cile
357 2929 444 2992 ieras.
484 2930 561 2992 Mihi
582 2931 704 3012 quidem
716 2933 863 2994 librorum
884 2935 1033 3014 catalogos
1049 2933 1207 3016 perlegisse
1224 2931 1284 2994 hoo
1296 2951 1388 3014 saepe

282 3012 451 3074 iucundum
471 3016 548 3092 suit,
571 3017 652 3098 quod
675 3039 713 3078 ex
735 3018 772 3080 iis
785 3019 986 3080 intellexerim
1001 3021 1102 3082 deesse
1113 3019 1187 3080 mihi
1200 3019 1313 3097 multa,
1333 3017 1387 3080 vel

284 3097 420 3176 inutilia,
442 3099 597 3160 ueletiam
620 3104 708 3164 mola.

346 3187 396 3244 De
407 3205 550 3246 messaara
561 3187 664 3248 Ανααα
679 3191 753 3265 Noe,
775 3209 811 3248 er
827 3189 964 3270 Origene.
979 3189 1052 3251 eod.
1069 3189 1193 3250 Baroco.
1207 3187 1257 3255 48·
1267 3192 1315 3256 19.

345 3271 395 3330 Ex
418 3271 577 3352 Prophetis
593 3273 766 3334 maioribus
786 3285 815 3332 et
837 3273 1008 3334 minoribus
1029 3272 1115 3334 dicta
1137 3285 1290 3352 excerpta,
1313 3292 1388 3330 eum

276 3355 409 3436 prologo
430 3367 458 3414 et
478 3361 709 3420 commentariis.
754 3357 827 3419 cod.
851 3359 966 3420 Caesar.
983 3357 1296 3438 vindoboniheolog.
1311 3357 1386 3424 174·

283 3439 359 3500 Vide
376 3449 406 3499 et
418 3439 547 3500 indicem
559 3443 754 3522 prologorum
769 3442 850 3504 inter
871 3443 1017 3524 opuscula
1034 3443 1195 3506 rhetorica.

345 3517 462 3608 Ἀρίσνη
474 3521 598 3608 ἕαιλογή
608 3529 803 3590 θείωντινῶν
820 3521 937 3609 ῥήσεων
950 3535 1006 3594 τοῦ
1020 3531 1169 3614 μακαρίαν
1183 3525 1386 3612 ααὶγενναίον

280 3601 356 3687 isid,
379 3611 605 3694 συμβαλλομένη
621 3612 711 3676 παντὶ
726 3617 895 3698 Χριστιανῷ
915 3615 958 3688 εἰς
973 3608 1129 3694 α’φὲλειαν.
1173 3615 1314 3694 Optimus
1328 3607 1387 3670 de-

281 3691 378 3752 lectur
399 3715 562 3754 carrarum
587 3697 786 3778 quarundam
806 3702 1024 3759 sententiarum
1050 3701 1132 3760 beati
1145 3711 1173 3758 et
1189 3700 1288 3778 fortis
1305 3697 1386 3774 John,

281 3780 383 3838 cuivis
400 3779 577 3840 Christiano
592 3784 788 3847 utilissimae.
831 3785 969 3860 Initium,
992 3785 1044 3848 soi
1061 3785 1174 3868 ἐγένετο
1199 3779 1272 3864 sieri
1285 3779 1388 3864 ἡμέρα

281 3858 375 3944 αὕτη,
397 3864 449 3928 nol
472 3863 541 3929 ἰδού
563 3859 716 3948 ἦλθοναὶ
736 3865 855 3951 it'yyrios
877 3875 933 3934 τοῦ
947 3875 1027 3934 θεοῦ
1047 3872 1237 3951 παραστῆναι
1251 3862 1388 3932 tratum

281 3952 339 4011 rori
361 3951 478 4036 saepiae.
507 3952 579 4012 eod.
596 3955 709 4024 Caesar.
726 3953 894 4018 Vindobon.
916 3953 1045 4035 theolog.
1063 3955 1133 4022 174.

365 4049 570 4111 Antirrlretici
588 4066 616 4112 et
629 4057 807 4116 Steliteutici
822 4061 951 4138 priores.
995 4055 1162 4136 scripserat
1181 4057 1326 4134 Gregoraa
1340 4056 1388 4114 li-

281 4134 353 4238 bros
373 4133 408 4196 in
421 4137 570 4200 Palamam
591 4139 828 4220 Antirrheticoa,
849 4151 1006 4223 autequam
1023 4138 1055 4222 ²)
1078 4141 1301 4203 emmeramus
1321 4141 1385 4200 iur-

320 4319 352 4390 1)
368 4319 409 4378 Da
421 4321 599 4384 Mordiacus.
667 4325 700 4398 Ξ)
716 4323 775 4384 Boo
787 4331 844 4396 ast,
861 4329 922 4384 anta
934 4342 1028 4384 mnan
1038 4340 1195 4384 neaeram.
