3072 4854
424 295 656 368 msromaa
676 297 952 373 smannman
972 289 1058 372 vm.
1088 304 1118 406 ε.
1225 291 1298 366 311

207 469 295 548 μόλόι
318 455 414 528 πάλαι
432 449 618 550 φλεγομένης
639 467 696 546 τῆς
710 460 839 540 Ἰταλίας
859 461 916 530 ὕπ’
930 462 1068 546 Ἀννίβου
1089 469 1145 531 τοῦ
1169 465 1299 549 Kappa-
1341 477 1370 532 Δ.
1387 481 1415 528 c.

93 562 97 570 ¹
208 566 312 632 δονίοο
335 568 385 632 καλ
403 572 535 648 μονονοῦ
557 565 617 651 πρδ
636 564 811 652 ὀφθαλμῶν
834 569 884 632 καί
911 566 1008 654 αδτήν
1033 566 1089 652 τήν
1105 573 1161 652 τῆς
1180 563 1298 653 Ῥιόμης
1349 547 1417 668 ¹3²

207 665 323 744 ἰδόντες
349 667 551 754 κατασκαφὴν
575 673 632 734 τοῦ
658 669 800 735 πλείστου
820 669 899 758 παρ’
915 671 1021 736 ἐλπίδα
1044 675 1100 754 τῆς
1121 667 1296 756 οἰκουμένης
1344 685 1411 742 1328

209 771 398 855 κατέστησαν
413 767 644 857 αὐτοκράτορες.
676 769 857 857 Αὔγουστος
871 771 888 838 δ
902 773 981 856 μετά
996 775 1142 859 Καίσαρα
1159 755 1460 880 δεότεροςᾞεέήῗ·

181 870 407 961 δμοναρχήσος
430 875 462 938 ἐν
476 869 577 960 Ῥώμῃ
589 873 751 940 Ἀντωνίου
767 877 819 940 καὶ
835 873 1038 964 Κλεοπάτρας
1057 873 1202 942 ἐπιόντων
1223 876 1326 950 κατί)

168 981 172 996 “
207 975 305 1041 αδτοῦ
317 975 395 1058 μετὰ
406 977 533 1063 βαρείας
547 973 704 1060 δυνάμεως
716 985 858 1064 ναυτικῆς
872 1004 905 1046 τε
919 982 970 1045 καί
991 979 1192 1066 ήπειρωτικής
1210 977 1301 1072 φόβιρ

206 1077 244 1143 τδ
261 1081 314 1165 ζῇν
324 1075 542 1161 ’ἀπειπάμενος
570 1075 586 1146 ὃ
604 1080 638 1144 δέ
652 1083 703 1145 καὶ
719 1080 793 1157 τοδς
807 1082 940 1170 ἐχθροδς
951 1082 1027 1169 παρ’
1045 1082 1153 1148 ἐλπίδα
1168 1084 1300 1166 νενίκηκε
1363 1163 1370 1182 ¹

207 1182 259 1246 καί
273 1179 338 1264 ἅμα
352 1180 408 1265 τήν
420 1182 538 1247 ἐκείνων
552 1181 649 1268 άρχήν
663 1181 867 1270 προσειλήφει,
886 1183 1015 1269 Λιβύην
1033 1186 1113 1273 φημί
1129 1183 1296 1252 relidatur.

208 1285 259 1349 καὶ
279 1287 313 1348 τί
330 1286 381 1350 δεΐ
398 1283 471 1360 τοδς
493 1283 592 1370 ίεροδς
607 1291 664 1368 τῆς
677 1287 823 1372 προνοίας
842 1285 950 1372 λόγους
971 1294 1171 1375 καταριθμεῖν
1178 1317 1190 1372 ,·
1213 1286 1237 1371 ἣ
1259 1287 1299 1354 τά

166 1403 200 1459 10
208 1387 286 1451 καθ’
304 1383 387 1470 η’μάς
408 1388 566 1452 διοικοῦσα
590 1385 663 1472 ὅπερ
688 1386 743 1454 οὖν
762 1388 849 1472 ἴσμεν
862 1389 970 1457 εἴωθεν
982 1390 1131 1478 ἐπιφέρειν
1146 1399 1211 1466 τοῖς
1225 1386 1299 1475 άμε-

205 1487 306 1576 τίροις
319 1484 476 1576 πράγμασι
491 1489 596 1564 τέλος·
622 1496 677 1556 νῦν
694 1491 750 1576 μέν
770 1489 844 1580 ὅπερ
866 1493 1053 1578 ἠλπίκαμεν·
1079 1499 1134 1559 νῦν
1151 1492 1186 1558 δ’
1200 1490 1218 1559 ό
1231 1489 1324 1576 μίἙ

207 1591 259 1656 καὶ
272 1597 327 1658 νῦν
337 1591 393 1674 μέν
406 1590 463 1656 cdv
479 1591 606 1681 θατέρῳ
620 1590 772 1682 θάτερον,
800 1601 854 1660 νῦν
867 1595 899 1662 δ’
915 1597 983 1663 ἀντὶ
998 1595 1134 1683 θατέρου
1149 1590 1295 1684 θάτερον.

206 1691 310 1781 ὥσπερ
329 1691 367 1759 ἂν
380 1691 421 1771 εί
438 1718 485 1769 τις
508 1695 541 1759 ἐκ
563 1700 619 1760 'rori
634 1700 790 1784 Πειραιῶς
812 1697 866 1763 τόν
880 1695 1037 1765 ἀπόπλουν
1054 1699 1086 1774 ἐς
1100 1697 1153 1764 τόν
1168 1701 1301 1784 Αίγαῖον

206 1802 363 1862 ποιείσθω
387 1793 549 1880 ἐβούλετο,
584 1797 639 1864 τὸν
660 1799 692 1864 δ’
717 1798 814 1865 ἔπειτ’
838 1802 869 1876 ἐς
889 1799 1017 1888 Κρήτην
1039 1803 1089 1866 καλ
1105 1800 1219 1888 Σαρδολ
1239 1806 1302 1867 τῶν

164 1911 199 1968 15
207 1897 358 1985 άρκτικῶν
371 1895 540 1984 ἀπήνεγκαν
554 1897 734 1984 πνευμάτων
743 1902 776 1968 αἱ
788 1905 881 1988 πηγαί
900 1904 945 1988 μή
967 1901 1048 1969 πάνυ
1060 1927 1108 1970 τοι
1124 1900 1299 1991 προσδοκή-

207 2023 316 2069 σαντα.
352 2003 403 2067 καλ
418 2001 477 2088 γάρ
495 2009 634 2080 τοιοῦτος
650 2001 745 2087 κύβος
758 2009 862 2072 πάσαν
881 2003 1088 2094 ἐπιπορεύεται
1108 2011 1165 2092 γῆν
1187 2003 1300 2089 ὁμοίως

206 2102 254 2170 δελ
278 2106 329 2170 καί
348 2101 521 2172 θάλατταν.
557 2108 609 2172 καί
626 2108 676 2172 σοί
694 2109 797 2172 τοίνυν
817 2106 1061 2195 προσδοκήσαντι
1081 2108 1203 2196 λυπηρά
1222 2107 1324 2188 tauro

205 2205 347 2273 ἀνατελει·
361 2206 402 2272 τά
428 2204 621 2296 χρηστότερα
644 2210 749 2275 καὶτὸ
770 2215 860 2276 rodda
883 2217 939 2278 τοῦ
968 2211 1142 2296 σπέρματος
1164 2211 1298 2296 κατηφὲς

207 2306 299 2386 ὅλους
317 2307 478 2396 γεωργήσει
497 2311 633 2394 χοίνικας
649 2308 852 2398 ἐδφροσάνης
886 2315 1058 2400 ίσομριρίαν
1078 2311 1137 2399 γάρ
1161 2314 1210 2376 δεῖ
1229 2320 1299 2387 ταῖς

165 2417 271 2478 matio
281 2409 454 2495 μελλόντων
465 2415 563 2478 ἐλπίσι
574 2415 756 2499 χαρίζεσθαι
771 2417 821 2480 καί
835 2413 880 2499 μή
896 2412 1045 2492 καθάπαξ
1059 2411 1165 2497 μόνοις
1178 2409 1298 2480 διδόναι

206 2524 273 2592 τοῖς
291 2515 414 2599 ἀηδέσιν
426 2512 447 2599 ή
461 2525 526 2591 τοῖς
536 2525 691 2602 χρηστοῖς.
717 2514 819 2582 ἔπειτα
833 2519 883 2582 καί
897 2514 939 2594 ὥς
953 2519 1090 2605 δοκεῖτρλ
1105 2515 1297 2605 σοφῷΕδρι-

207 2618 299 2704 πίδῃ,
326 2615 416 2702 λόγος
438 2613 455 2683 δ
478 2615 572 2694 adeda
585 2616 618 2682 έκ
632 2617 664 2684 τ’
680 2616 873 2696 άδοξοόντων
893 2619 951 2686 κάν
973 2625 1036 2686 τῶν
1058 2616 1229 2687 δοκοάντων
1242 2615 1297 2684 laia

209 2717 247 2785 οὗ
266 2719 380 2786 ταότδν
400 2717 511 2786 σθένει.
547 2716 658 2796 πάντες
680 2721 736 2804 μέν
757 2718 816 2808 γάρ
842 2716 943 2788 πάντα
969 2717 1136 2808 φάσκοντες
1160 2721 1214 2786 λ’να
1236 2743 1297 2786 που

208 2817 297 2904 μόλις
314 2821 334 2906 ἢ
355 2825 406 2888 καὶ
431 2819 486 2888 δάο
510 2819 671 2909 ταράξαιεν
692 2821 741 2892 ἄν.
784 2822 823 2890 οδ
846 2823 878 2892 δ’
895 2819 948 2896 ὅτε
968 2825 1020 2896 καὶ
1040 2828 1102 2892 τῶν
1116 2817 1298 2912 ἀπορρήτων

279 2947 570 3023 fflmWffiW
638 2945 856 3009 mmmm

210 3051 253 3109 ait.
287 3053 395 3109 Romani
408 3053 483 3121 olim,
501 3071 557 3109 cum
570 3053 647 3110 Italia
658 3055 691 3109 ab
702 3055 846 3110 Hannibale
857 3053 1065 3126 Carthaginiensi
1077 3051 1200 3107 meandiis
1210 3055 1298 3106 vasta-

208 3129 296 3190 retur,
313 3129 341 3178 et
353 3123 434 3194 ipsius
448 3124 528 3178 Urbis
538 3123 663 3178 excidium
675 3132 773 3178 tantum
786 3141 835 3178 uon
851 3125 931 3178 oculis
945 3125 1000 3178 auia
1012 3123 1143 3178 obversari
1157 3127 1300 3185 cernerent,

208 3192 333 3246 maximae
353 3194 436 3262 partia
454 3195 526 3246 orbis
545 3199 669 3247 terrarum
687 3192 780 3246 domini
792 3200 895 3264 praeter
907 3191 1050 3262 opinionem
1063 3199 1209 3244 evaserunt.
1241 3191 1301 3244 du-

208 3269 315 3332 gnatus‚
332 3262 379 3331 qui
396 3267 456 3333 post
474 3263 611 3316 Caesarem
630 3262 754 3316 secundus
766 3261 860 3316 Romae
875 3261 1011 3332 regnavit,
1029 3277 1085 3312 cunr
1103 3259 1135 3312 ab
1149 3257 1258 3312 Antonio
1272 3259 1300 3310 et

208 3331 350 3400 Cleopatra
361 3331 460 3402 magnis
480 3331 634 3384 exercitibus
657 3338 728 3384 terra
744 3331 856 3402 marique
873 3336 1020 3402 peteretur,
1037 3329 1174 3397 desperata
1185 3326 1255 3389 vita,
1272 3330 1301 3378 et

208 3397 296 3452 hostes
309 3405 414 3470 praeter
427 3418 499 3470 apem
512 3399 584 3464 vicit,
602 3405 630 3450 et
643 3399 743 3452 illorum
759 3401 928 3470 principatum
940 3399 1016 3453 etiam
1028 3394 1172 3478 occupavit,
1192 3395 1300 3462 Libyam

209 3465 312 3535 inquam
330 3476 356 3520 ct
367 3471 460 3522 daiam.
495 3469 532 3522 Et
550 3467 611 3588 ημῐδ
624 3485 688 3538 opus
700 3474 741 3522 est
754 3486 839 3522 aacraa
861 3468 1037 3589 providentiae
1052 3472 1163 3546 retronea
1181 3479 1301 3516 recreante-¹

210 3538 260 3586 re'l
277 3551 342 3604 quae
353 3554 396 3588 rea
407 3546 510 3590 nostras
520 3555 555 3607 gu
574 3545 647 3590 ernau
658 3545 685 3590 et
696 3555 726 3590 eo
739 3538 790 3590 line
803 3556 866 3591 cono
875 3539 954 3590 udere
967 3534 1041 3599 solet,
1058 3550 1133 3602 quem
1147 3547 1301 3600 ignoramur,

211 3617 278 3654 nuuc
289 3611 405 3672 sperato,
422 3624 488 3660 nunc
501 3608 644 3676 insperato:
662 3615 689 3660 et
698 3623 765 3659 nuuc
776 3607 882 3660 alterum
895 3623 949 3658 curn
961 3603 1041 3658 altero
1053 3603 1156 3665 miscet3
1172 3616 1239 3654 nune
1253 3616 1301 3668 pro

211 3669 293 3722 altero
316 3673 421 3726 alterum
440 3673 547 3728 tribuit:
570 3691 621 3727 non
644 3691 718 3728 aecus
736 3692 767 3728 ac
785 3675 887 3745 siquis
911 3673 1002 3726 Piraeo
1031 3687 1149 3740 egressus
1173 3671 1301 3737 Aegaeum

211 3753 283 3790 mare
300 3741 420 3794 traiicere
441 3744 573 3808 irretituat3
590 3743 821 3813 septentrionalium
841 3748 925 3797 autem
938 3745 1068 3794 ventorum
1079 3739 1107 3792 vi
1118 3737 1146 3791 iu
1159 3738 1261 3790 Cretam
1274 3743 1301 3788 et

211 3806 356 3860 Sardiniam
369 3817 472 3890 praeter
483 3811 684 3880 expectationem
698 3813 837 3865 deleratur.
871 3811 938 3865 Nam
955 3809 1014 3862 talia
1026 3805 1196 3861 inconstantia
1207 3813 1233 3858 et
1245 3813 1301 3857 ter·

211 3891 256 3928 raa
277 3883 304 3929 et
319 3893 400 3930 mana
420 3889 543 3948 perpetuo
561 3885 726 3950 pervagatur.
762 3879 931 3943 Quamobrem
950 3877 998 3931 tibi
1017 3876 1126 3930 forsitan
1138 3875 1213 3928 etiam
1228 3874 1302 3926 deta·

211 3943 280 3996 riora
297 3947 418 4000 metuenti
437 3947 541 4001 meliora
558 3948 722 4016 contingent:
746 3955 774 4002 et
791 3949 891 4002 iatbaeo
913 3946 1035 4000 tristitiae
1057 3943 1177 3997 sementis
1195 3943 1299 3995 uberem

211 4011 327 4067 laetitiae
347 4031 452 4068 messem
470 4017 601 4085 producet.
634 4017 732 4071 nutura
749 4017 815 4071 enim
829 4017 856 4068 in
869 4015 1017 4086 aequilibrio
1034 4013 1142 4084 quodam
1156 4007 1303 4064 collocanda

211 4088 288 4147 aunt,
305 4099 354 4136 nau
372 4083 399 4136 in
417 4085 526 4137 iucunda
549 4101 595 4138 neo
613 4085 642 4138 in
665 4085 753 4140 tristia
770 4086 843 4138 nimis
869 4085 1007 4138 inclinante
1026 4083 1117 4136 animo.
1149 4077 1250 4131 Deinde
1272 4079 1303 4127 ut

212 4157 289 4220 poeta
308 4152 510 4221 sapientissimus
526 4151 665 4222 Euripides
681 4157 850 4238 pronunciat,
873 4153 961 4208 eadem
982 4151 1065 4204 oratio
1081 4151 1114 4202 ab
1131 4149 1243 4229 obortura·
1259 4147 1304 4196 aut

211 4220 291 4273 nobili
314 4221 404 4274 babitu
428 4239 476 4274 non
499 4220 566 4273 idern
593 4223 755 4276 auctoritatis
782 4224 869 4276 babet.
910 4223 1005 4276 Omnes
1024 4218 1090 4272 enim
1111 4231 1193 4269 omma
1218 4211 1305 4264 druen-

211 4289 245 4344 do
263 4289 307 4344 rix
326 4307 403 4345 unum
420 4299 499 4362 atque
516 4290 623 4345 alterum
640 4300 822 4346 commoveant.
866 4291 910 4345 Tu
924 4305 1002 4352 vero.
1018 4296 1049 4340 ut
1061 4299 1209 4340 arcanorum
1222 4281 1306 4352 Impe-
