2998 4872
342 335 576 405 NICEPHORI
596 333 836 406 GREGORAE
854 333 1032 407 utrumn.
1118 345 1237 396 nmnr

136 493 294 574 κίιισνθε,
316 493 605 578 massmannus
622 486 725 568 αιίτοῖς
746 491 799 557 καί
816 496 873 558 τοῦ
889 486 1073 577 πατριάρχου
1097 490 1237 572 nantas,

136 577 191 644 τείν
212 580 246 643 ὀί
265 603 299 661 γε
318 575 486 660 φιλόσοφον
505 582 676 662 Γρηγορᾶν,
699 579 743 642 ἔτι
765 601 798 641 τε
818 576 868 641 τὸν
885 573 1030 659 Ἐφέσου,
1051 573 1106 642 adn
1121 572 1235 658 stoan,

135 662 193 730 τείν
211 661 337 742 Δεξιόν,
361 659 437 727 duat
455 661 495 745 du*
512 665 564 727 καί
586 662 640 728 adv
658 657 842 728 Ἀθανοίσιον
859 659 917 727 osis
934 658 1084 748 η’γνίηιιοις
1102 657 1236 740 πάντως,

137 750 183 826 τίς
205 751 258 812 καί
284 753 368 832 τρίτη
391 744 438 812 ds'
460 741 571 824 αιίτοίις
590 743 804 852 σιρκεκρότητο
818 743 946 823 σύνοδος
965 744 1037 830 παρ’
1051 749 1126 830 ἐμοῦ
1140 771 1173 812 τε
1185 755 1237 812 καί

135 841 197 898 τοῦ
221 837 386 916 μακαρίτου
401 835 516 898 ἐκείνου
527 857 710 918 πατριαρχου
725 836 893 897 Καλλίστου
908 834 951 898 ἐτι
965 828 1132 999 περιόντων
1147 831 1174 919 ¹)
1194 839 1238 920 aqi

135 923 217 1006 βίῳ,
238 921 290 982 καί
310 917 367 1002 τήν
394 919 503 1001 ὁμοίαν
523 919 575 983 καί
599 915 762 994 οιτίτοίτοῖς
777 921 982 1002 προλαβοῦσιν
1022 941 1091 980 τταν
1101 917 1239 1000 ιίττέστη-

135 1025 199 1068 σαν
205 1031 216 1083 3
235 1005 286 1068 καί
305 1008 403 1086 τρίτος
423 997 516 1081 αὖθις
533 1000 622 1112 ripae
635 1003 814 1081 ἐκτίθενται,
835 999 1081 1087 ιίττογροψιίντοον
1096 1004 1129 1066 ἐν
1140 999 1238 1088 τούτῳ

136 1089 216 1170 ἐμοῦ
231 1113 262 1153 τε
276 1090 399 1152 καὶτοῦ
414 1091 557 1170 βασιλέως
572 1085 710 1154 Ισοιίννου
722 1095 778 1154 τοῦ
786 1085 994 1174 Παλαιολόγου
1007 1093 1063 1150 τοῦ
1077 1089 1150 1150 υίοῦ
1161 1091 1237 1168 posi,-

136 1178 169 1238 εί
182 1173 237 1256 ρέν
249 1170 306 1238 osias
320 1169 479 1256 ἐξιόχρετος
491 1175 624 1250 ἐκείνους
633 1175 704 1262 ἡγῇ,
724 1175 776 1238 καί
791 1177 911 1257 βραδεῖς
928 1173 984 1254 μὲν
996 1177 1120 1253 νοῆσαι,
1142 1173 1238 1236 sinsin

134 1255 172 1323 δ’
191 1255 332 1334 ἀσθενεῖς
342 1254 436 1322 ταῦθ’
455 1257 526 1324 ttae
542 1259 702 1341 προφέρεις
719 1259 799 1336 νυνί,
821 1253 892 1322 osid'
906 1254 1003 1332 οίίτοις
1017 1263 1115 1332 καλῶς
1129 1277 1161 1320 σε
1176 1259 1239 1320 δια-

134 1347 292 1408 τείνεσθαι
307 1352 419 1426 φαῖμεν
435 1342 489 1408 ίίν·
512 1339 680 1426 altivillari
697 1346 896 1426 συγγνοίημτν
911 1343 1059 1408 ὁπωσοῦν.
1081 1344 1108 1406 εί
1129 1339 1162 1405 δέ
1177 1347 1239 1418 anda

135 1453 191 1506 τις,
215 1427 249 1505 ὃς
263 1427 300 1493 τοί
313 1429 439 1512 ιίμέτερα
453 1426 516 1493 οἶδε
524 1475 533 1506 ,
554 1435 658 1514 πολλῷ
668 1433 713 1491 soi
725 1430 804 1514 μέσρο
818 1431 935 1509 μείζους
950 1429 1083 1503 ἐκείνους
1099 1423 1176 1490 εἶναι
1188 1451 1241 1492 κα-

132 1511 173 1577 τοί
186 1538 220 1597 ys
235 1520 334 1592 τοῦτο,
356 1510 496 1595 δηλονότι
508 1513 541 1580 sd
552 1512 629 1597 ιίττέρ
644 1492 760 1578 codron
776 1511 949 1596 ἐπιλέγειν,
970 1513 1052 1596 ἐρεῖ·
1073 1515 1176 1594 δῆλον,
1198 1512 1240 1588 οίς

132 1605 198 1662 τοῖν
206 1600 402 1683 ἰσχυροτέρων
414 1599 665 1681 καταβληθέντων
673 1601 773 1681 γελοία
780 1593 901 1672 τισίντως
910 1597 934 1681 η’
940 1595 1023 1680 ιταροί
1034 1603 1098 1662 τοῖν
1106 1593 1240 1680 ἡττόνων

132 1685 205 1770 ττερί
219 1680 389 1748 τῶναύτῶν
406 1687 449 1760 είς
465 1681 563 1768 μα’χην
574 1680 738 1768 πρόκλησις
751 1679 843 1762 δόξει.
871 1686 901 1746 τί
916 1703 963 1747 σοι
973 1685 1079 1748 τοίνυν
1094 1686 1181 1747 δοκεῖ
1183 1709 1194 1761 ,·
1209 1681 1240 1765 ²)

222 1805 289 1863 Non
304 1804 401 1864 multo
418 1813 554 1885 tempore
576 1805 732 1866 interiecto
754 1803 942 1886 Nicephorus
964 1803 1110 1883 Gregoras
1132 1801 1240 1863 Philo-

134 1888 251 1970 sophus
278 1889 446 1968 consurgit,
477 1890 626 1970 Acindyni
656 1899 685 1949 et
711 1891 858 1949 Barlaami
889 1889 1027 1966 dogmata
1057 1889 1235 1948 defendens:

133 1995 313 2054 quamquam
328 1977 483 2056 oportebat
506 1973 730 2055 Philosophum,
752 1984 788 2034 ut
801 1973 1024 2056 philosophum,
1044 1973 1166 2056 veritali
1183 1973 1237 2034 ob·

131 2059 217 2140 sequi
231 2069 261 2120 et
276 2060 439 2140 quiescere.
481 2061 523 2121 Ea
540 2059 619 2120 anius
633 2059 840 2142 philosophiae
852 2061 929 2119 ratio
952 2069 981 2118 et
994 2067 1103 2120 natura
1118 2067 1179 2136 est,
1201 2067 1237 2121 ut

132 2147 186 2226 qui
207 2143 286 2203 hanc
305 2145 516 2226 amplectatur,
546 2145 572 2205 is
590 2153 620 2205 et
642 2146 775 2206 sincerus
801 2155 832 2204 ct
850 2144 1017 2223 intelligens
1029 2163 1092 2204 esse
1113 2144 1234 2204 debeat:

132 2231 415 2310 quemadmodum
431 2231 582 2291 contrario
597 2231 623 2290 is
641 2230 799 2312 impudens
821 2239 850 2288 et
863 2239 1023 2312 protervus
1035 2239 1096 2306 est,
1119 2229 1170 2308 qui
1184 2229 1235 2288 vi-

129 2325 193 2374 tam
208 2317 240 2375 in
254 2315 445 2396 improbitate
460 2325 488 2375 et
502 2315 616 2376 invidia
631 2317 732 2394 exigit.
775 2315 895 2396 Quippe
908 2313 1082 2374 huiusmodi
1095 2313 1159 2392 vir,
1182 2313 1237 2373 etsi
1312 2361 1314 2368 .

131 2401 244 2461 centies
259 2421 310 2460 ore
327 2401 481 2462 obstructo
497 2411 618 2460 coactus
640 2401 680 2461 sit
694 2401 910 2476 obmutescere,
932 2400 1020 2458 toties
1038 2419 1167 2480 pugnam
1183 2419 1237 2459 re·-

129 2487 289 2564 dintegrat.
334 2487 392 2545 late
407 2495 507 2545 autem
521 2486 636 2546 abiecto
654 2485 777 2545 dilectas
791 2485 925 2546 veritatis
939 2485 1049 2561 studio,
1073 2485 1138 2543 aliis
1155 2505 1235 2544 com.

127 2571 267 2652 pluribus
280 2571 369 2632 sociis
385 2571 442 2631 sibi
457 2569 621 2648 adiunctis,
643 2571 676 2630 iu
688 2571 844 2632 veritatem
857 2571 995 2650 insurgit.
1038 2571 1097 2629 Sed
1117 2572 1237 2632 inimici
1264 2606 1267 2616 ·

128 2659 261 2716 Domini
277 2659 487 2720 mauritianae
507 2659 577 2738 ipsi.
618 2655 717 2716 Tertia
736 2658 842 2738 itaquo
864 2678 880 2715 a
905 2677 953 2716 me
966 2675 1088 2716 rursum
1113 2675 1237 2734 congra-

126 2751 195 2821 gata
209 2742 345 2820 synodo,
372 2761 464 2822 eaque
481 2741 761 2822 Constantinopoli,
784 2763 842 2820 quo
860 2751 995 2822 tempora
1014 2741 1117 2800 bantus
1144 2741 1236 2800 Calli-

127 2837 193 2886 stus
208 2827 351 2888 thronum
370 2827 599 2908 patriarchalem
614 2827 747 2902 ornabat,
765 2827 842 2885 alius
859 2827 957 2886 denuo
973 2827 1085 2886 Tomus
1098 2827 1235 2905 promul-

127 2921 231 2990 gatus,
253 2913 304 2992 qui
316 2913 448 2994 primum
465 2914 689 2991 secundumque
701 2911 870 2972 vindicaret
885 2921 916 2971 et
930 2909 1138 2988 confirmaret,
1160 2911 1234 2970 Gre-

126 3008 343 3074 garamantas
358 2999 448 3058 simul
463 3019 530 3059 cum
548 2998 704 3077 Acindyno
722 3006 752 3056 et
764 2997 919 3058 Barlaamo
937 2996 1158 3058 condemnaret.
1190 2997 1232 3058 nt

125 3081 183 3142 illa
196 3083 371 3144 sententiam
392 3083 471 3144 hanc
484 3085 517 3143 in
531 3105 562 3144 se
575 3084 667 3144 latam
682 3103 744 3142 non
759 3081 857 3142 ferens
877 3083 910 3140 in
925 3081 1051 3140 Tamum
1067 3080 1229 3160 invehitur,

125 3187 164 3226 ac
177 3187 273 3248 nequa
288 3189 327 3228 ex
344 3189 428 3229 sacra
442 3170 606 3252 Scriptura,
627 3187 722 3249 neque
734 3187 773 3227 ex
783 3176 955 3226 sauctorum
970 3167 1093 3226 Petrum
1108 3166 1231 3228 theolo-

124 3272 293 3334 gorumque
312 3253 467 3330 doctrina,
490 3253 543 3314 sed
565 3275 603 3314 ex
623 3275 676 3314 suo
692 3253 787 3334 ipsius
806 3261 912 3312 ventre
928 3253 1119 3332 depromptas
1144 3251 1231 3310 blas-

123 3336 262 3418 phemias
278 3349 403 3398 eructat.
445 3339 533 3399 Unde
547 3349 577 3398 et
592 3337 795 3398 sanctissimus
809 3335 979 3419 patriarcha
995 3335 1168 3397 Philotheus
1187 3336 1230 3394 li-

123 3423 215 3484 brum
227 3423 400 3484 lucubravit
413 3423 539 3484 similem
555 3423 617 3502 igni
633 3423 833 3495 sodomitico,
856 3423 973 3502 linguas
993 3421 1179 3506 blasphemas
1200 3431 1231 3484 et

123 3507 306 3586 irreligiosas
321 3507 353 3568 in
371 3507 501 3568 cinerem
514 3509 653 3570 vertenti.

210 3595 259 3652 Δτι
276 3602 312 3653 tu
327 3593 409 3653 istud
423 3595 558 3674 ignoras,
579 3594 710 3676 primum
726 3603 755 3654 et
778 3591 946 3676 principem
970 3601 1000 3653 et
1020 3592 1154 3652 omnium
1174 3613 1232 3653 re-

121 3685 222 3737 sturm
236 3679 343 3740 ducem
359 3679 556 3756 Barlasmnm,
579 3681 631 3760 qui
642 3679 751 3760 impiae
763 3677 888 3740 huiusce
904 3679 1056 3740 haereseos
1069 3677 1231 3738 acerrimus

122 3761 265 3826 defensor
277 3765 391 3842 audiit,
413 3766 576 3825 refutatum
591 3765 623 3824 in
639 3765 791 3841 Concilio,
812 3775 842 3824 et
858 3765 1007 3824 communi
1021 3763 1154 3823 omnium
1168 3764 1231 3824 sus-

121 3847 219 3927 fragio
232 3850 348 3910 rictum
360 3869 395 3909 ac
407 3849 598 3930 profligatum
611 3851 718 3928 luisse;
733 3851 826 3909 Tomo
839 3849 946 3910 deinde
954 3847 1098 3930 synodico
1114 3847 1233 3908 eodem-

122 3953 184 4012 que
204 3931 398 4016 patriarchali
421 3935 520 4012 edito,
542 3955 697 4016 perversas
715 3935 777 3996 eins
798 3935 953 4016 opiniones
966 3933 1089 4016 publice
1105 3935 1232 3993 damna-

119 4017 192 4077 tasl
213 4019 320 4080 Nonne
339 4030 368 4080 et
385 4019 411 4078 is
433 4021 485 4100 qui
507 4021 591 4080 illius
606 4021 743 4100 dogmata
766 4031 869 4101 postea
885 4023 1021 4102 excepit,
1044 4019 1231 4099 Acindynus,

119 4101 197 4164 haec
220 4107 323 4166 eadem
348 4125 423 4185 quae
437 4107 610 4167 Barlaamus
630 4127 736 4188 passus
754 4107 819 4186 'ipse
842 4127 959 4187 quoque
976 4115 1038 4184 est,
1059 4101 1231 4186 patriarcha

156 4271 187 4339 ι)
204 4271 270 4356 τερ.
286 4269 441 4344 προπερ.
462 4341 470 4358 ,
509 4276 542 4344 s)
558 4273 632 4329 snas
646 4273 687 4328 n·
704 4245 781 4347 apl.
794 4275 838 4331 aa.
855 4271 899 4329 ss.
916 4278 946 4328 a
961 4274 1005 4330 aa.
1028 4271 1102 4328 usa
1116 4285 1154 4325 a.
1180 4267 1230 4324 us·

186 4348 286 4398 monae
297 4343 526 4398 cmumsmasa
