3034 4856
438 276 670 348 HISTORIAE
691 279 967 348 BYZANTINAE
988 278 1045 348 lx.
1066 289 1097 352 3.
1224 272 1299 347 405

196 440 294 509 αῦτοῦ
307 443 359 508 καὶ
374 437 503 528 κηρῦξαι
526 442 655 528 ἐκκοπὴν
670 443 726 528 τῆς
745 441 796 507 ἐπ’
813 442 974 530 ἐκκλησίας
996 441 1102 532 φήμης
1123 443 1220 512 αῦτοῦ
1243 450 1294 516 καί
1338 458 1367 509 A.
1385 461 1413 510 c.

195 546 357 637 ἀπειλῆσαι
377 547 462 636 αὐτῷ
474 545 528 612 τόν
544 547 604 612 ἀπὸ
626 552 704 612 θεοῦ
716 543 895 634 χωρισμόν·
920 549 972 613 ἵνα
986 552 1146 625 συσταλεὶς
1164 553 1214 615 καί
1229 575 1292 617 σω-
1338 527 1408 646 ¹32²

195 650 373 736 ηρονισθεὶς
390 649 558 737 ἐπιστρέψῃ
580 654 698 729 καλῶς,
729 647 804 715 ὅθεν
827 651 939 736 ἐξῆλθε
961 657 1078 733 κακῶς,
1102 655 1152 716 καί
1169 655 1291 738 γίνηται
1337 665 1404 722 1³28

194 757 363 838 κληροῦχος
387 745 481 828 αὖθις
499 759 555 835 τῆς
574 778 607 818 τε
627 755 786 836 βασιλείας
806 756 858 818 καί
879 751 945 837 ἅμα
967 759 1024 838 τῆς
1045 755 1120 840 ἐμῆς
1142 736 1454 858 εῦλογίαςμὲἑὲὲᾟ·

167 858 258 942 Sapis
272 855 331 941 γὰρ
346 851 491 921 ἀπόντων
507 855 604 932 οὐδεὶς
619 855 715 921 αὐτοῦ
731 857 863 944 κέκριται
876 854 1095 944 προτιμότερος
1104 855 1202 944 ἐμοιγε
1215 861 1323 946 apicii

191 955 248 1040 τὴν
270 958 447 1040 βασιλείαν,
474 954 570 1037 μόνον
590 960 622 1042 τίΙ
631 956 776 1042 βούλοιτο
792 959 849 1044 τὴν
861 957 1080 1046 προσήκουσαν
1099 962 1197 1044 νίμειν
1211 965 1290 1030 αίδιῦ

191 1050 260 1135 ταῖς
274 1061 362 1143 ἐμαῖς
374 1057 549 1144 ῦποάήκαις
564 1063 615 1126 καί
627 1062 847 1149 παραινίσεσιν.
874 1061 910 1132 ῦν
923 1062 982 1149 γὰρ
996 1063 1125 1148 ἐπέθηκε
1141 1071 1180 1152 τῇ
1192 1063 1318 1134 αιίτοῦλὶ1

191 1164 364 1252 δημηγορίᾳ
393 1163 550 1249 ἐπίλογον,
587 1164 797 1247 πεπλασμένος
818 1157 857 1248 ἦν
880 1161 931 1231 καί
952 1165 1030 1230 noll
1054 1165 1091 1233 τι)
1115 1174 1288 1253 πανοῦργον

190 1261 268 1347 ἐχων
280 1261 428 1352 ῦφέρπον.
463 1264 615 1350 η’κοόσατε
629 1268 705 1354 γὰρ,
730 1263 845 1343 ὁπόσας
861 1268 1090 1356 τάςλοιδορίας
1110 1267 1187 1357 παρ’
1212 1269 1287 1354 ῦλην

149 1375 183 1428 10
192 1367 288 1432 αὐτοῦ
311 1369 367 1451 τὴν
390 1371 579 1454 δημηγορίαν
599 1369 766 1454 ἐπήντλησε
782 1369 854 1436 κατ’
870 1373 963 1454 ἐμοῦ,
991 1370 1068 1455 πρός
1088 1370 1127 1447 ἃς
1142 1373 1286 1454 οὐδεμίαν

189 1468 247 1553 ,ἔχει
265 1470 321 1554 τὴν
336 1468 485 1556 ἀρμονίαν
499 1469 515 1537 ό
531 1474 677 1558 ἐπίλογος.
705 1472 777 1538 ἀλλ’
792 1475 844 1539 iso
856 1474 929 1552 τοῦς
945 1471 1115 1550 ἀκυόοντας
1130 1472 1284 1561 ἐξαπατή-

189 1597 248 1669 σας
262 1575 358 1660 ἐγείρῃ
375 1575 446 1638 κατ’
465 1576 558 1658 ἐμοῦ,
577 1581 718 1642 τοιοῦτον
732 1575 862 1662 ἐπέθηκε
871 1577 1099 1668 τῇἀημηγσρίρ
1114 1577 1150 1644 τό
1163 1578 1282 1654 τίλος.”

189 1675 254 1764 (Γ.)
284 1681 394 1742 Ταῦτα
409 1675 572 1761 ἀκηκοότες
586 1679 615 1744 ci
627 1679 683 1754 ιιέν
696 1679 812 1744 coviosa
830 1682 881 1744 καὶ
897 1675 978 1766 λόγῳ
998 1677 1199 1762 κοσμούμενοι
1218 1685 1281 1748 uir
1296 1690 1329 1750 P.
1344 1687 1396 1750 248
1465 1747 1468 1754 ,

188 1779 349 1866 ἀρχιερέων
375 1778 525 1868 συνῄεσαν
555 1791 622 1856 τοῖς
651 1782 817 1870 εἰρημένοις
844 1785 894 1847 καὶ
925 1781 1041 1866 σιωπὴν
1067 1789 1201 1869 παντελῆ
1223 1790 1279 1850 τοῦ

147 1889 180 1946 15
190 1879 341 1966 ὀνόματος
359 1889 416 1948 τοῦ
437 1884 506 1949 νίου
524 1883 675 1967 βασιλέως
696 1889 837 1970 πανταχῆ
857 1889 919 1950 νῦν
939 1885 1104 1968 ἐκκλησιῶν
1124 1882 1282 1974 ἐκόρωσαν

186 1992 397 2072 κηρυχθῆναι,
428 1987 534 2073 μέχρις
554 1985 593 2052 ἀν
614 1987 790 2074 ἐπιστρέψῃ.
833 1993 878 2074 τῷ
897 1987 932 2053 (ii
951 1985 1126 2106 morpssippp
1145 1992 1197 2054 καὶ
1218 1995 1281 2056 νῦν

186 2089 347 2179 ἀργυρίων
362 2091 412 2154 καί
426 2096 487 2156 τῶν
503 2095 653 2176 κληρικῶν
666 2088 747 2156 ἐστιν
768 2085 814 2164 οίς
832 2089 888 2155 οῦκ
903 2090 1005 2166 idaia
1018 2089 1127 2174 ιῦλογα
1142 2091 1182 2156 τὰ
1196 2093 1279 2177 ιίρη-

184 2295 242 2360 είτι
257 2294 308 2359 διὰ
327 2293 384 2378 τὴν
406 2293 547 2362 σύνοικον
568 2295 714 2380 ἀλογίαν,
743 2292 801 2359 εἴτ’
824 2293 880 2358 οῦκ
895 2289 958 2360 οἶδ’
973 2289 1066 2368 ὅπως.
1093 2293 1194 2360 ἔπειτα
1209 2297 1279 2358 δια-

143 2395 433 2484 Ξονυκτερεόσαντες
453 2401 504 2463 καὶ
529 2396 613 2474 ἅπαξ
634 2399 685 2462 καί
712 2397 760 2471 δίς
781 2396 812 2459 ἐν
833 2405 899 2473 τοῖς
926 2407 1155 2483 πατριαρχικοΐς
1182 2396 1277 2473 σίκαις

184 2501 378 2582 συνωμοσίας
386 2503 437 2563 καί
451 2501 604 2586 φρατρίας
612 2495 864 2577 συνεσκευάζοντο
878 2497 958 2564 κατὰ
971 2504 1027 2576 τοῦ
1040 2505 1168 2586 γηραιοῦ
1183 2507 1306 2581 βασι-Β

184 2601 276 2676 λίως·
302 2599 319 2666 ὃ
336 2602 581 2688 ῦιαψιθυρισθέν
593 2604 644 2666 καὶ
662 2602 809 2666 (laedoriis
825 2603 855 2676 ἐς
866 2601 921 2667 τόν
934 2603 1033 2686 δῆμον
1045 2605 1095 2666 καὶ
1111 2603 1143 2678 ἐς
1161 2602 1201 2666 coi
1214 2608 1278 2667 τῶν

185 2697 219 2770 el
239 2700 405 2788 γεγονότων
427 2701 610 2787 συστήματα
627 2705 786 2778 πλείστους
802 2701 984 2770 καὶτούτων
1002 2699 1153 2788 ἠνάγκασε
1170 2700 1281 2790 λάθρα.

146 2863 154 2878 ,
184 2805 420 2889 ξυνεληλυθόσι
442 2813 482 2895 τῇ
503 2803 621 2874 τούτων
641 2787 816 2896 σῦνωμοσίρ
829 2831 861 2874 τε
878 2807 929 2871 καί
943 2807 1079 2900 φρατρίρ
1101 2809 1151 2872 καί
1166 2803 1276 2898 ὅρκους

253 2919 296 2974 16.
317 2917 375 2987 καί]
394 2913 447 2972 κάκ
462 2919 494 2972 Α.
563 2919 607 2973 21.
630 2917 750 2987 φατρίας
765 2919 796 2974 Α.

182 3003 335 3074 insurgere,
353 3011 380 3056 et
393 3005 448 3056 eius
461 3019 550 3058 noman
572 3022 604 3060 ex
619 3005 801 3060 Ecclesiastico
814 3003 949 3074 praeconio
963 3002 1155 3074 expungendum
1171 3001 1274 3073 procla-

183 3089 267 3136 mare,
285 3080 312 3125 et
322 3073 525 3126 interdictionem
539 3071 621 3126 eidem
639 3073 759 3138 minitari,
776 3091 826 3144 qua
839 3090 856 3126 a
868 3073 955 3127 divina
967 3071 1140 3126 communione
1152 3071 1282 3124 exclude-⁴

182 3148 239 3208 tur3
256 3149 286 3195 ut
300 3159 457 3212 compressus
472 3151 499 3194 et
517 3144 663 3196 ernendntua
682 3143 785 3214 pulchre
801 3161 831 3196 eo
847 3149 1007 3205 revertatur,
1024 3142 1091 3194 unde
1107 3139 1220 3210 turpiter
1232 3143 1273 3191 est

182 3229 318 3280 egressus,
344 3221 371 3264 et
389 3228 475 3264 rursus
495 3213 587 3264 haeres
607 3213 654 3264 liat
671 3221 698 3265 at
711 3212 816 3282 Imperii
830 3219 857 3264 et
875 3211 1056 3264 moderationis
1076 3226 1156 3262 meae.
1189 3209 1273 3261 Nemo

182 3281 277 3350 quippe
287 3281 396 3334 omnium
409 3290 458 3344 est,
474 3297 547 3351 quem
560 3281 594 3332 ud
604 3281 738 3350 inperium
752 3287 867 3334 evectum
883 3281 980 3332 malim:
997 3279 1070 3332 modo
1083 3278 1106 3330 is
1121 3275 1184 3330 velit
1197 3293 1274 3346 prae·

182 3355 259 3420 cepta
276 3367 332 3402 mea
348 3357 374 3402 et
390 3350 485 3402 monitu
503 3351 541 3402 ita
555 3355 585 3404 ut
604 3369 652 3419 par
672 3357 712 3401 eat
733 3351 854 3402 revereri.
889 3349 974 3412 Quam
992 3348 1057 3400 enim
1078 3363 1140 3399 suae
1158 3343 1273 3398 concioni

181 3418 368 3486 perorationem
380 3419 497 3482 addidit,
515 3437 545 3470 es
559 3419 727 3472 simulationis
741 3419 814 3486 plenu
835 3417 886 3470 suit
903 3426 932 3470 et
950 3417 1052 3471 latentis
1065 3415 1177 3468 malitiae
1191 3411 1274 3484 pluri-

181 3503 247 3538 mum
258 3487 286 3538 iu
306 3503 335 3540 ae
350 3488 445 3540 hebuit
480 3489 595 3542 Audistis
608 3489 674 3540 enirn
691 3497 754 3557 quot
771 3487 886 3540 conuicia
903 3487 930 3538 in
953 3504 993 3540 me
1009 3492 1065 3538 tota
1087 3499 1134 3538 sua
1152 3481 1273 3535 concione

181 3555 494 3626 elluderit3cu1aquibus
514 3557 643 3627 peroratio
662 3557 720 3624 ipso
737 3556 836 3609 minime
854 3555 987 3609 consentit
1022 3553 1076 3606 Sed
1095 3559 1124 3604 ut
1142 3551 1273 3604 auditores

181 3623 304 3692 deceptos
317 3631 406 3678 contra
413 3643 452 3679 me
459 3627 610 3690 concitaret,
622 3625 881 3679 talemorationisuae
892 3619 1118 3693 finesnimposuit.”
1135 3619 1210 3692 (111.)
1222 3619 1272 3674 His

181 3693 277 3746 auditis
304 3695 438 3762 pontifices
457 3697 593 3778 prudentia
615 3703 643 3748 et
662 3694 804 3747 eruditione
823 3701 984 3765 praestantes
1007 3707 1155 3753 assensere,
1179 3696 1206 3742 et
1226 3703 1272 3758 per

181 3777 267 3814 omnes
279 3761 411 3814 Ecclesiae
425 3764 572 3818 educendum
585 3781 642 3817 esse
657 3771 826 3828 miscuerunt,
844 3771 872 3816 ut
891 3761 998 3816 iussionis
1016 3759 1154 3814 Andronici
1171 3763 1273 3818 nornen,

180 3831 263 3884 donec
275 3829 298 3888 is
311 3831 480 3899 resipuisset,
497 3835 597 3887 omnlino
614 3833 740 3885 sileretur.
774 3828 943 3886 patriarchae
959 3847 1021 3884 vero
1032 3837 1059 3882 et
1071 3827 1232 3899 pontificibus
1246 3833 1273 3878 et

180 3899 282 3953 clericis
293 3901 419 3954 nonnullis
433 3919 464 3954 ea
477 3903 603 3956 sententia
615 3919 665 3954 non
678 3903 785 3971 probata
798 3909 845 3954 est.
876 3901 963 3966 Quare
976 3899 1039 3952 nihil
1052 3897 1160 3968 amplius
1172 3893 1273 3964 loquuti

180 3975 346 4021 surrexerunt
367 3987 399 4022 ac
420 3969 519 4023 domum
533 3971 667 4036 abierunt,
689 3973 745 4026 sive
762 3971 795 4022 ob
811 3969 960 4024 familiarem
977 3969 1028 4021 illis
1049 3969 1175 4036 elinguem
1193 3979 1273 4044 qnan-

179 4037 238 4090 dnau
253 4037 445 4106 stupiditatem,
462 4039 517 4092 siue
531 4039 647 4094 abaliud
665 4040 751 4092 neseio
766 4039 836 4108 quid.
872 4039 972 4094 Deinde
985 4043 1060 4090 nocte
1075 4037 1102 4088 iu
1119 4031 1275 4104 patriarchu-

179 4106 218 4160 cis
230 4105 337 4159 aedibus
350 4109 426 4160 semel
439 4115 516 4177 αυγυο
528 4111 620 4163 iterum
632 4115 733 4173 exacta,
749 4109 776 4160 in
787 4107 1096 4178 senrioremlmperatorenr
1110 4101 1276 4156 coniurarunt

179 4185 209 4230 et
222 4174 370 4229 societatem
384 4177 525 4230 coiverunt
559 4177 636 4242 Quod
655 4197 709 4232 curn
723 4178 913 4240 muniuntur,
931 4193 977 4229 noc
991 4173 1084 4244 populo
1097 4178 1208 4228 tanturm,
1227 4165 1275 4218 sed

180 4253 208 4298 et
222 4245 350 4299 nobilibus
363 4247 513 4315 quibusdam
531 4247 720 4310 innotesceret,
737 4247 872 4318 plerosque
883 4247 960 4300 etiam
976 4247 1064 4296 lronrns
1077 4240 1163 4320 coegit
1182 4235 1214 4318 ad
1235 4235 1277 4286 ta·

180 4315 290 4369 ctionem
304 4323 331 4368 et
349 4317 550 4372 coniurationem
562 4317 661 4372 illorum
675 4317 738 4372 aloru
758 4317 875 4372 conierse
895 4335 940 4384 se,
958 4321 986 4368 et
1006 4313 1130 4383 scriptum
1150 4321 1278 4360 sussuran-
