2998 4872
352 323 585 395 NICEPHORI
605 325 842 396 GREGORAE
863 329 981 398 VITA.
1149 345 1225 392 xxi.

107 495 194 546 etum
206 483 307 546 verbis
323 483 566 570 confirmavit1J:
582 493 733 546 mortuum
744 485 860 546 funebri
874 487 1006 546 oratione
1018 489 1136 568 publice
1151 491 1205 552 de-

105 569 248 647 ssenass).
290 571 405 630 Scitum
425 579 470 628 est
487 569 548 628 eius
567 570 603 630 de
620 571 674 629 illo
694 569 818 632 dictum.
859 574 970 653 Nempe
984 573 1020 632 ab
1033 575 1206 636 Andronico

106 657 227 716 seniore
246 655 459 733 interrogatus,
490 675 549 734 quo
576 665 664 735 pacto
688 655 881 735 Metochites,
903 680 919 716 a
947 659 1085 720 tenuibus
1112 661 1205 720 initiis

105 742 267 821 proiectus
280 739 361 822 (nam
372 740 567 818 exBryannio
580 751 772 822 praeceptore
784 763 933 823 perpauca
945 744 1112 822 didicerat),
1126 767 1205 806 snm.

106 847 178 886 mus
206 835 395 884 astronomus
422 825 578 901 evasisset,
608 826 689 884 nibil
711 830 844 905 mirum,
868 828 965 906 inquit
989 829 1147 908 Gregoras,
1172 853 1206 890 ex

86 913 92 924 '
100 931 210 990 parva
231 909 374 989 lampade
391 931 537 990 magnam
549 913 656 987 facem
675 911 811 974 anseredi.
856 913 1078 974 Cantacuzenus
1098 915 1205 974 lauda-

105 1006 175 1056 tum
199 995 241 1054 ait
256 995 282 1076 ³)
304 995 342 1054 ab
355 995 536 1074 Imperatore
550 1016 674 1056 acumen
688 999 911 1078 respondentis,
932 999 985 1078 qui
1003 997 1129 1078 imagine
1146 1001 1205 1060 ob·

107 1081 161 1142 ria
176 1102 211 1140 ac
225 1080 360 1138 familiari
376 1090 514 1140 naturam
527 1081 572 1140 rei
590 1081 628 1140 ob
643 1083 749 1144 oculos
760 1083 918 1163 posuisset.
996 1141 1006 1156 ‚

194 1165 332 1226 Florebat
351 1166 416 1224 aula
436 1166 600 1244 Byzantina
633 1168 739 1228 studiis
766 1168 914 1228 bonarum
939 1169 1063 1246 artium,
1085 1169 1206 1229 favente

105 1251 185 1311 viris
202 1249 299 1309 doctis
315 1250 486 1310 Andronico
502 1253 681 1331 Imperatore
687 1275 696 1330 3
719 1254 762 1312 sic
783 1264 817 1314 ut
833 1253 895 1312 eius
909 1253 1015 1313 domus
1032 1273 1094 1312 non
1113 1254 1204 1314 modo

105 1335 274 1395 honestatis
288 1344 317 1394 et
332 1336 428 1396 omnis
441 1337 561 1396 virtutis
577 1337 714 1415 officina,
736 1338 787 1398 sed
808 1348 837 1396 et
848 1339 1011 1398 litterariae
1029 1337 1205 1398 eruditionis

105 1421 296 1499 gymnasium
317 1429 347 1478 et
367 1420 487 1480 dicendi
506 1423 715 1482 certaminibus
740 1423 891 1501 quoddam
914 1423 1008 1482 veluti
1023 1423 1204 1482 curriculum

106 1516 247 1584 apertum
259 1525 322 1564 esse
335 1506 488 1567 rideretur
502 1505 541 1586 4).
584 1507 687 1586 ltaque
701 1528 736 1566 eo
746 1518 880 1587 tempore
894 1509 1041 1568 maximus
1053 1509 1112 1568 luit
1125 1508 1204 1588 apud

108 1591 241 1650 Graecos
262 1601 431 1668 oratorum,
449 1589 708 1672 pbilosophorum,
731 1593 912 1670 aliorumque
927 1593 1113 1653 eruditorum
1128 1615 1204 1673 prc-

105 1685 226 1735 ventus.
269 1676 414 1752 Gregoras
432 1676 531 1754 magni
550 1675 728 1754 Logotlretac
758 1677 970 1737 corasuetnaline
998 1679 1122 1738 sanatus
1148 1698 1203 1738 ex-

106 1761 213 1839 pedire
241 1761 296 1818 sibi
314 1760 456 1833 credidit,
483 1761 541 1820 iam
566 1782 659 1821 annos
681 1783 780 1822 xxvii.
803 1772 891 1836 nato,
915 1785 1001 1822 usum
1025 1763 1064 1822 ad
1087 1763 1204 1822 doctri-

106 1867 180 1904 nam
203 1846 362 1923 adiungere
384 1855 469 1920 etex
488 1847 593 1906 umbra
613 1849 646 1906 in
668 1848 765 1906 lucem
787 1847 909 1928 prodire
923 1847 961 1927 ⁶).
1004 1847 1204 1922 Quamobrem

105 1929 277 1990 studiorum
307 1951 429 1992 suorum
462 1931 571 1992 fiducia
601 1933 695 1992 fretus
727 1934 764 1992 ad
797 1935 1008 2011 imperatorem
1040 1933 1140 2012 ipsum
1173 1953 1205 1992 ss

106 2017 255 2094 contulit,
283 2025 321 2074 ut
347 2036 394 2092 se,
423 2015 449 2076 si
475 2027 591 2096 posset,
619 2017 652 2076 in
679 2017 740 2076 eius
770 2018 1001 2078 familiaritatem
1028 2017 1202 2078 insinuaret.

104 2102 298 2162 Peramanter
318 2111 348 2159 et
369 2102 555 2181 ultraquam
577 2112 748 2181 speraverat
773 2104 900 2180 benigne
921 2111 1064 2182 exceptus
1093 2103 1203 2162 oratia-

104 2207 174 2245 nem
195 2186 276 2266 apud
296 2207 364 2244 eum
384 2185 506 2260 habuit,
528 2187 657 2264 duasque
679 2187 794 2268 inipso
809 2188 953 2265 virtutes,
977 2188 1152 2267 sapientiam
1172 2196 1203 2246 et

100 2272 321 2350 ¹eloquentiam,
343 2271 479 2330 laudavit
494 2269 531 2351 6).
584 2272 729 2350 Tempore
748 2274 928 2352 procedente
957 2274 999 2330 ita
1026 2272 1203 2332 benevolum

105 2357 233 2416 eundem
254 2365 397 2436 expertus
422 2365 481 2430 cst,
517 2365 552 2416 nt
573 2357 667 2434 aliqui
691 2358 920 2434 indignarentur
942 2358 1096 2432 iuvenem,
1117 2357 1203 2415 nulla

106 2441 261 2520 dignitate,
289 2441 373 2512 utillo
389 2441 553 2500 sacerdotio
569 2443 814 2518 commendatum,
836 2452 918 2500 tanta
935 2443 1017 2522 apud
1032 2441 1203 2522 Principem

104 2528 198 2606 gralia
212 2527 324 2586 valere.
359 2525 568 2601 Andronicus,
585 2537 621 2585 ut
635 2549 668 2585 os
682 2529 850 2588 obstrueret
863 2527 1123 2602 obtrectatoribus,
1140 2527 1202 2606 pri-

104 2633 170 2672 mos
194 2611 335 2670 ecclesiae
350 2609 479 2670 bonores
494 2611 628 2672 conferre
642 2612 668 2670 ei
680 2612 781 2672 iuveni
795 2613 915 2689 statuit,
938 2621 966 2672 et
984 2609 1202 2692 Chartopbyla·

104 2699 149 2756 cis
166 2697 359 2774 dignitatem,
381 2698 466 2758 velut
482 2697 596 2775 pignus,
619 2698 717 2756 statim
737 2697 864 2757 obtulit:
887 2719 922 2756 ac
937 2697 995 2755 iam
1010 2698 1112 2772 eidem,
1131 2706 1203 2754 ten·

104 2803 194 2860 quam
209 2781 394 2842 hauddubie
409 2792 580 2862 accepturo,
601 2793 699 2842 vestes
714 2793 744 2842 ct
757 2783 885 2859 insigina
901 2781 1049 2859 dignitatis
1068 2782 1201 2860 parabat.

106 2870 271 2944 Gregoras,
291 2865 478 2926 immaturam
500 2876 624 2925 aetatem
650 2877 680 2926 et
706 2867 875 2927 studiorum
906 2888 1029 2925 suorum
1056 2867 1203 2924 rationem

104 2963 274 3027 caussatus,
296 2951 397 3030 gratiis
419 2951 509 3028 actis,
532 2961 561 3010 et
584 2953 706 3010 laudato
726 2953 924 3032 imperatore,
947 2951 1078 3012 oblatum
1104 2949 1203 3010 hono-

104 3058 170 3098 rem
184 3036 365 3114 repudiavit.
408 3036 589 3116 Repudianti
604 3037 651 3096 vis
669 3057 763 3117 paene
774 3037 858 3095 illata
870 3034 909 3114 ²).

190 3123 355 3200 Aliquanto
377 3131 446 3202 post
465 3120 491 3202 ⁸)
515 3131 580 3181 orta
597 3122 677 3180 inter
696 3121 828 3182 eruditos
851 3121 960 3180 nobilis
983 3119 1198 3182 controversia.

105 3208 331 3268 conveniebant
345 3207 448 3266 crebro
465 3207 497 3265 in
508 3207 651 3287 palatium
665 3207 724 3266 viri
741 3206 886 3286 sapientes
902 3215 930 3264 et
946 3205 1038 3280 docti,
1060 3214 1148 3282 atque
1161 3205 1203 3262 il·

104 3296 148 3353 lic
166 3294 303 3354 certatim
326 3293 470 3352 derebus
493 3292 674 3369 quibuslibet
699 3293 777 3350 scitu
797 3291 892 3369 dignis
912 3311 1013 3348 coram
1029 3289 1203 3348 Andronico

104 3381 222 3439 seniore
240 3377 440 3457 disputabant.
485 3378 557 3436 Cum
578 3379 670 3455 igitur
688 3379 856 3456 frequentes
879 3376 921 3435 ibi
936 3375 1094 3454 aliquando
1115 3374 1203 3432 ades-

104 3463 224 3544 sent⁹),
243 3463 451 3538 Andronicus,
473 3471 507 3519 ut
522 3463 689 3542 Nicephoro
705 3464 866 3540 Gregorae,
889 3481 976 3540 quern
993 3461 1079 3519 valde
1095 3459 1202 3538 dilige-

104 3551 156 3609 bat
165 3547 218 3628 ¹⁰),
229 3547 349 3607 dicendi
365 3547 552 3605 occasionem
565 3548 727 3626 praeberet,
747 3547 927 3605 mentionem
940 3545 1045 3602 iniecit
1059 3545 1095 3602 de
1104 3553 1202 3603 astro·

19 3653 28 3660 ·
103 3634 215 3693 nomia.
267 3633 345 3690 Tum
374 3633 533 3710 Gregoras,
563 3633 615 3711 qni
639 3632 675 3691 de
698 3632 840 3691 Pascbate
863 3629 901 3689 ad
922 3626 1133 3709 Imperatorem
1156 3649 1203 3686 re-

105 3721 186 3778 ferre
207 3717 347 3797 cupiebat
376 3717 570 3796 iampridem,
599 3718 810 3776 astronomiam
836 3717 930 3794 ipsam
953 3717 1084 3794 primum
1105 3713 1204 3792 coepit

104 3803 247 3864 laudare:
267 3801 374 3862 deinde
390 3822 474 3862 usum
491 3802 554 3861 eius
569 3802 657 3860 ctiam
671 3803 711 3862 ad
721 3799 871 3861 Paschatia
886 3800 1098 3860 correctionem
1110 3797 1203 3878 perti-

141 3987 366 4123 l)4l)ialp,i}prrp.¹¹p:
380 3983 411 4105 6c.
430 4053 456 4105 8.
475 3985 507 4052 ἓ)
526 3983 665 4122 lillbnb
680 3983 1205 4120 {iluistffiaiiiiirilHmifiiblaibf'virii

176 4125 241 4177 e.7.
299 4123 405 4190 neth.
424 4137 481 4174 rur.
500 4141 523 4174 c·
538 4128 563 4178 9.
634 4123 664 4191 8)
682 4128 713 4177 Α.
727 4123 758 4175 0.
772 4123 1032 4177 circiterraceoxxrr.
1089 4121 1120 4188 9)
1133 4119 1203 4170 Hist.

173 4193 221 4246 lib.
237 4207 294 4245 vlu.
312 4209 336 4243 c.
351 4195 392 4248 13.
463 4193 511 4259 10)
529 4193 697 4261 Quantopere
710 4191 854 4260 Gregoram
868 4191 995 4253 dilexerit,
1012 4189 1055 4242 vel
1067 4205 1098 4240 ex
1111 4205 1142 4239 eo
1155 4203 1203 4262 ap-

174 4265 266 4332 paret,
283 4261 352 4330 qaod
364 4267 537 4328 aegrotantem
549 4261 702 4316 visitaverit.
738 4261 819 4318 Extat
837 4262 886 4316 hac
901 4261 933 4316 ale
951 4277 980 4314 re
998 4259 1026 4312 in
1046 4255 1134 4312 calliae
1152 4257 1203 4306 lla-

173 4331 264 4386 ticaao
278 4329 359 4402 to'roe
373 4329 608 4400 necromantiam.
