2998 4872
602 297 860 370 PRAEFATIO.
1236 313 1285 362 stt

181 460 349 522 Wollianos
361 468 391 520 et
404 458 443 522 sd
457 459 597 534 illosaex‚
611 458 664 537 qni
677 477 767 538 panes
783 479 829 518 me
845 467 939 534 erosit,
954 457 1226 537 adiecti‚lilirornm
1241 461 1288 520 vi.

178 565 257 642 giuti
270 583 327 622 sex
339 582 498 624 numerum
514 561 691 622 efficiebant.
713 563 784 622 Post
797 561 972 640 vigesimum
989 567 1108 622 'sextum
1123 563 1224 624 deerat
1237 563 1288 624 sd·

178 665 242 726 lino
257 665 345 726 nobis
359 665 518 744 vigesimus
531 665 684 745 septimos.
727 665 866 726 Caeteros
880 663 911 722 in
929 662 1114 726 Bibliotheca
1126 667 1216 746 Regia
1235 665 1289 726 lia.

177 768 337 844 bebamns‚
365 768 501 848 exeeptis
514 768 646 848 quinque
661 768 786 831 ultimis.
829 766 959 828 Tandem
974 765 1050 826 ethi
1068 787 1204 850 qnoque,
1227 789 1288 829 nna

180 890 250 930 mim
269 871 411 949 vigesimo
433 870 576 950 septimo,
605 871 713 950 integri
739 873 777 930 ad
806 892 863 930 nos
893 881 1110 951 pervenerunt,
1141 871 1290 932 Fsiderioi
1357 884 1364 898 “

178 971 368 1050 Rostgaardii
383 973 494 1036 nobilis
508 974 584 1034 Dani
609 993 701 1056 opera
720 983 752 1035 et
766 973 950 1056 sumptibua3
978 993 1037 1054 qua
1059 974 1182 1054 quidem
1197 975 1235 1035 de
1254 994 1290 1040 rs

180 1075 262 1134 intra
283 1076 389 1136 insius.

266 1177 349 1236 Inter
362 1177 437 1240 liaeo
450 1178 598 1259 aequitate
613 1189 642 1240 et
650 1179 855 1242 moderatione
868 1180 994 1242 vintoris
1006 1178 1196 1239 LUDOVICI
1214 1179 1288 1239 Mt-

182 1279 252 1340 GNl
267 1300 329 1360 pax
343 1281 480 1361 Europae
499 1282 638 1343 restituta
654 1293 709 1344 eat.
752 1284 875 1348 Solutus
899 1283 960 1342 iem
977 1281 1151 1362 urgentibus
1175 1279 1290 1341 diflici-

179 1382 255 1440 lium
278 1391 448 1464 temporum
468 1385 549 1445 curis
572 1385 667 1464 Regni
686 1383 860 1444 administer
882 1384 978 1466 (nune
1001 1385 1144 1444 Franciae
1162 1383 1291 1444 Cancel-

179 1482 287 1566 larius)
302 1485 479 1546 Lonovicos
494 1487 783 1548 Pononanraarmoe
799 1487 837 1546 sd
853 1506 901 1562 ea,
923 1507 998 1568 quae
1013 1485 1071 1544 silii
1085 1488 1292 1548 commendata

180 1609 198 1646 a
214 1587 291 1666 llege
307 1597 411 1664 erant,
432 1587 517 1668 pacis
539 1598 714 1650 ornamenta
735 1588 945 1670 amplificanda
967 1599 1067 1649 totum
1089 1609 1121 1651 se
1140 1591 1239 1651 animo
1258 1599 1290 1652 et

181 1688 362 1768 cogitatione
377 1690 535 1754 convertit.

266 1793 436 1874 Laparaeae
457 1793 598 1854 officinae
616 1803 707 1876 typos
727 1795 875 1870 Graecos,
910 1794 1044 1856 omnium
1074 1797 1128 1878 qni
1155 1817 1292 1877 nmquam

181 1893 307 1954 fuerunt
329 1895 580 1974 elegantissimos,
602 1897 724 1958 inutiles
750 1905 781 1958 et
808 1899 922 1956 otiosos
945 1917 1052 1957 vacare
1072 1919 1159 1978 aegre
1178 1901 1293 1960 serebat

181 1995 310 2056 loannes
333 1997 453 2062 Panion
478 1999 662 2076 Broromos,
692 1999 791 2060 Abbaa
814 1997 1035 2076 nobilissimus,
1074 2003 1178 2062 Comes
1199 2000 1292 2062 hodie

181 2099 441 2162 consistorianos:
464 2103 515 2182 qui
529 2103 595 2183 ipso
609 2103 680 2164 belli
692 2112 846 2186 tempore,
870 2123 940 2162 cum
953 2103 1120 2164 avunculus
1131 2105 1292 2164 Porciam·

181 2221 326 2262 munros
341 2202 471 2264 infinitio
484 2205 612 2284 negotiis
627 2205 867 2285 distringeretur,
890 2205 974 2286 Reip.
989 2205 1152 2266 litterariae
1170 2217 1200 2266 et
1212 2206 1292 2266 dca-

181 2303 350 2365 dcmisrum
364 2305 430 2366 iure
446 2305 491 2366 sie
507 2316 623 2368 tutatus
634 2310 740 2386 fuerat,
762 2318 841 2368 utet
858 2327 929 2368 suns
943 2308 1053 2368 litteris
1066 2307 1164 2368 honos
1179 2329 1291 2389 perpe-

180 2417 236 2468 tuo
253 2417 321 2468 tum
336 2407 520 2488 constiterit,
542 2420 573 2471 et
587 2411 663 2472 viris
681 2411 867 2472 Academicis
883 2410 1015 2492 praemia
1034 2411 1071 2470 de
1090 2430 1173 2470 more
1186 2429 1292 2492 perso·

180 2509 247 2568 luta
259 2509 331 2576 sint.
373 2509 410 2570 Ei
426 2511 534 2592 igitur,
556 2516 671 2594 pacatis
689 2517 749 2575 iam
766 2525 797 2575 st
814 2513 1107 2596 tranquillitatis,
1131 2533 1202 2574 cura
1217 2512 1292 2574 liaeo

180 2613 241 2674 init
253 2633 316 2674 non
334 2621 502 2694 postrema,
530 2616 660 2678 Graecos
681 2619 773 2678 libros
798 2627 940 2698 typorum
955 2617 1113 2696 Regiorum
1131 2617 1199 2678 luce
1217 2617 1292 2676 illn-

183 2725 290 2780 strare.
332 2714 419 2776 Unde
431 2726 460 2776 et
475 2735 539 2794 ms,
559 2719 651 2798 longo
673 2721 882 2782 familiaritatis
901 2739 957 2780 usn
982 2719 1194 2795 commotum,
1215 2717 1291 2778 hor-

183 2828 266 2880 tatus
286 2827 351 2894 eat,
371 2826 408 2878 ut
420 2817 585 2900 Nicephori
602 2823 750 2900 Gregorae
765 2821 889 2901 scripte,
912 2841 988 2900 quae
1003 2832 1108 2901 parata
1120 2821 1230 2882 habere
1245 2841 1294 2881 me

186 2921 302 3000 saepius
322 2919 482 3000 dixissem,
504 2923 587 3004 Regii
602 2924 801 3006 typographei
816 2924 927 3005 proelis
947 2925 1164 2983 committerem
1185 2943 1294 3001 quam-

185 3024 329 3106 primum.
370 3023 433 3104 Ego
448 3045 520 3086 vero
534 3029 786 3108 permittentrlius,
808 3027 899 3088 immo
913 3026 1084 3086 iubentibus
1096 3025 1144 3101 iis,
1167 3045 1294 3106 qnorum

185 3148 301 3188 summa
313 3137 359 3188 est
371 3127 455 3208 apud
464 3130 693 3206 menuctoritas‚
707 3132 836 3191 oblatam
848 3129 1038 3190 occasionem
1051 3129 1154 3189 statim
1163 3128 1294 3208 arripni3

184 3239 216 3292 et
231 3229 337 3312 paucis
350 3237 420 3310 post
433 3228 538 3290 diebus
553 3232 639 3293 Tomi
654 3233 744 3316 primi
757 3231 850 3293 editio
865 3242 970 3312 coepta
982 3241 1035 3294 est.
1067 3231 1134 3305 Qua
1149 3229 1181 3287 in
1196 3238 1292 3310 parto,

185 3333 332 3414 qnoniam
345 3331 472 3394 Wollim
485 3332 561 3396 milii
573 3335 723 3418 praeivit,
742 3335 818 3418 quid
838 3334 982 3420 privatim
1002 3335 1068 3418 ipse
1092 3331 1294 3416 praestiterim

185 3455 348 3518 exponam.

269 3539 353 3600 Inter
371 3537 491 3600 oodines
512 3541 734 3626 manuscriptos
753 3537 958 3604 Bibliothecae
973 3538 1079 3618 Regiae
1099 3559 1180 3599 nnus
1197 3536 1294 3597 char-

184 3650 305 3718 taceus,
327 3637 379 3700 cui
398 3641 562 3724 inscriptus
575 3655 622 3706 est
636 3663 781 3706 nonnemo
804 3644 906 3720 2558,
926 3651 1046 3722 prater
1070 3641 1228 3702 hittoriflm
1255 3661 1293 3699 ⁰·

186 3763 288 3804 mnem
300 3743 576 3826 Poehymorianam‚
597 3747 691 3810 libros
710 3749 860 3828 Gregorae
874 3745 1035 3806 hietom‘oos
1047 3744 1189 3806 undecim
1205 3763 1296 3803 oom-

186 3844 352 3926 plectitor,
384 3861 435 3908 eos
459 3847 602 3910 videlicet
626 3851 678 3931 qui
702 3871 720 3911 a
746 3848 858 3910 Wolfio
877 3848 1011 3929 primum
1035 3846 1109 3907 editi
1135 3855 1217 3908 sunt.
1257 3845 1296 3904 In

188 3968 224 4009 eo
247 3947 373 4026 codiee,
394 3947 492 4012 bonae
512 3950 627 4031 alioqui
648 3959 738 4014 notae
762 3961 793 4012 et
814 3949 886 4012 aetia
907 3949 1033 4032 antiqno
1058 3947 1142 4031 (nam
1168 3947 1300 4028 scriptos

188 4061 236 4112 est
255 4059 327 4112 ante
343 4059 461 4133 captam
480 4073 498 4112 a
519 4054 627 4116 Tuscis
648 4049 971 4140 Constantinopolin),
992 4053 1052 4114 hoo
1073 4051 1224 4130 singulare
1246 4057 1301 4123 est,

191 4154 273 4234 quod
288 4151 410 4234 quaein
424 4153 510 4218 libris
526 4155 614 4218 editis
630 4178 736 4218 manca
752 4167 822 4220 sunt
838 4166 868 4218 et
883 4157 1077 4240 imperfecta,
1098 4173 1132 4213 en
1155 4151 1198 4212 ibi
1219 4150 1301 4209 inte-

189 4274 243 4336 gra
255 4253 456 4338 reportantur.
499 4260 628 4324 Deermt
639 4271 738 4326 antem
749 4261 884 4324 inlibris
901 4259 989 4324 editis
1005 4259 1064 4324 tria
1080 4256 1132 4320 itta
1150 4253 1301 4333 fingmen-
