2970 4882
222 273 300 352 coc
521 216 760 351 neronom
779 273 1019 346 cremnon

102 461 134 514 Δ.
150 458 185 510 ld
224 450 317 534 ’μενος
337 447 388 514 καλ
409 433 566 534 παραινῶν
587 447 706 536 canogio
726 443 777 508 καλ
798 433 932 538 σχήματι
948 443 1088 526 χρῆσθαι
1101 421 1343 528 μεγαλοπρεπεῖ

113 523 182 648 ⁶23⁶
227 579 286 620 τινι
299 553 350 617 καλ
364 555 438 618 νοῦν
453 547 714 637 ἐπαγγελλομένῳ,
740 543 872 630 μηδενὸς
886 541 977 622 ἀξίαν
992 537 1084 628 λόγου
1096 541 1231 626 τὴντῶν
1246 545 1337 608 Λα-

114 660 184 722 6849
229 657 320 722 τίνων
335 655 497 737 νομίζοντα
518 648 701 740 πρόκλησιν,
737 645 848 734 λόγους
868 653 926 732 τῆς
945 645 1051 732 χρείας
1072 642 1129 710 οῦκ
1151 642 1337 730 ἀναγκαίως

62 736 420 858 ιῐιὶἷῐῃῇἲηηιωῗ’ἀπαιτούσης
440 757 589 823 ἐνταῦθα.
622 753 694 820 ἀλλ’
711 747 869 838 ἐπειδήπερ
885 749 941 816 οῦκ
958 743 1136 814 ἀνύποπτον
1151 738 1246 821 αὖθις
1265 741 1334 811 ἓώ-

202 869 295 952 (ἔριον
311 857 354 937 ὥς
365 860 405 926 τὰ
418 859 518 924 πολλὰ
534 861 693 924 όιατελοῦν
707 855 810 941 τὸτῆς
825 859 952 938 σιωπῆς,
970 850 1050 918 ἀλλὰ
1061 855 1258 924 πολλαπλοῦς
1272 849 1366 914 καὶὸ

226 965 416 1048 πολυσχιόεῖς
429 957 605 1046 βλαστάνον
618 962 669 1027 καλ
680 957 822 1042 όιανίμον
836 967 901 1034 τοϊς
914 953 974 1034 ἔξω
991 953 1065 1031 τοῦς
1079 951 1251 1038 λογισμοῦς,
1272 951 1332 1016 καὶ

113 1077 148 1132 Ρ.
162 1078 216 1136 310
230 1065 365 1156 μάλιστα
380 1075 446 1143 τοίς
459 1061 620 1146 τοιοῦτοις,
643 1063 678 1130 σί
694 1057 818 1149 γνώμην
841 1061 894 1128 καλ
917 1063 1061 1147 γλῶσσαν
1085 1054 1225 1141 ἤσκησαν
1246 1053 1332 1120 ἀτα-

227 1155 369 1260 μίευτον,
396 1167 563 1252 ἀπολαβών
582 1168 646 1259 ἰδίη
665 1161 768 1232 τόντε
783 1157 976 1252 πατριάρχην
995 1159 1049 1227 καί
1066 1163 1226 1235 τιναςτιῦν
1239 1157 1332 1223 ἔλλο-

228 1275 326 1362 γίμιυν
343 1269 514 1340 ἐπισκόπων
527 1270 584 1355 τὴν
596 1271 731 1356 ἐμαυτοῦ
744 1265 869 1355 γνώμην
883 1261 1098 1348 ἐπεδειξάμην,
1115 1257 1244 1328 τοιαῦτά
1258 1283 1334 1326 τινα

230 1375 394 1456 διεξελθών
418 1375 470 1441 ἔπ’
494 1373 605 1441 αῦτών.
658 1369 729 1461 (Β.)
753 1371 864 1454 ,,Ἐμολ
885 1369 941 1453 μίν
964 1365 1063 1443 οῦτιυς
1081 1363 1157 1450 ἔγειν
1174 1363 1253 1448 πρὸς
1271 1363 1383 1447 cristo

230 1485 394 1569 παροῦσαν
416 1475 549 1563 ἅμιλλαν
569 1477 620 1542 καλ
644 1473 726 1542 οῦτιυ
739 1473 919 1564 προθυμίας
941 1469 1030 1537 οῦδὲν
1050 1467 1174 1553 οῦόαμῆ
1188 1493 1221 1554 γε
1237 1467 1337 1532 ἐλλεί-

232 1609 298 1649 πειν
321 1581 449 1663 ἴπεισιν,
475 1578 552 1647 ὥστ’
574 1578 611 1646 οῦ
634 1585 774 1666 γλῶτταν
792 1573 888 1662 μόνον
909 1571 1038 1653 ὁπλίζειν
1057 1573 1207 1660 περίεστιν
1213 1619 1225 1651 ,
1252 1567 1336 1636 ἀλλὰ

232 1681 294 1770 πρό
308 1709 340 1770 γε
355 1680 470 1769 ταύτης
484 1685 534 1750 καί
545 1678 669 1770 γνώμην
686 1680 800 1764 αὐτὴν,
821 1679 908 1767 ῥίζαν
922 1673 1039 1761 ταῦτην
1055 1667 1153 1742 orions
1167 1677 1218 1739 καί
1234 1671 1336 1758 πηγὴν

207 1793 294 1869 Βτῇς
316 1783 453 1872 γλώττης
481 1787 532 1851 καλ
555 1783 621 1868 ἃμα
646 1783 781 1871 χορηγόν
808 1784 859 1852 καί
885 1777 1035 1868 πρότανιν
1063 1784 1127 1844 τών
1155 1777 1331 1863 λεγομένων.

234 1884 346 1975 ὁρῶντι
364 1887 398 1953 δέ
417 1887 490 1964 τοῦς
513 1885 646 1964 πολλοῦς
663 1887 723 1973 πρὸ
742 1891 799 1953 τοῦ
816 1890 924 1970 καιροῦ
940 1886 1064 1966 καὶτῆς
1078 1881 1187 1966 χρείας
1199 1875 1381 1965 μεγάληνίῦ

234 1989 304 2058 τινὰ
320 1991 371 2056 καλ
388 1995 540 2076 θρασεῖαν
555 1988 751 2077 προΐεμίνους
765 1988 823 2074 τὴν
836 1993 989 2075 γλῶτταν,
1003 1987 1055 2052 καλ
1070 1990 1116 2073 τῷ
1130 1989 1220 2072 σφών
1232 1981 1335 2048 αῦτιῦν

234 2093 414 2182 βουλομένῳ
439 2089 505 2176 ἅμα
526 2093 577 2158 καλ
597 2091 671 2168 roric
691 2091 818 2178 καιροιλς
839 2089 937 2168 sidric
954 2091 1005 2156 καλ
1020 2087 1060 2154 rol
1075 2083 1243 2174 πράγματα
1260 2081 1336 2150 σῦν-

236 2192 339 2282 ιλρομιί
355 2219 389 2264 τε
405 2197 457 2261 καλ
470 2189 634 2283 πρόδρομα
653 2191 794 2280 γίνεσθαι
815 2194 990 2278 οίομίνους,
1017 2190 1146 2258 orostrae
1161 2215 1215 2273 μοι
1229 2187 1334 2266 ἔπεισι,

236 2298 281 2383 μὴ
306 2303 362 2384 τῆς
380 2298 487 2386 χρείας
507 2299 559 2363 καλ
579 2302 637 2363 τοῦ
661 2303 769 2385 καιροῦ
791 2293 1009 2386 παραστάντος
1031 2294 1221 2370 λειποταξίου
1249 2291 1337 2374 δίκην

210 2397 419 2488 ῦόφλήσωσι,
446 2406 509 2466 τῶν
533 2397 635 2468 ὅπλων
655 2397 773 2478 ἑκόντες
792 2409 858 2478 τοῖς
876 2401 1023 2475 ίναντίοις
1046 2391 1382 2484 παραχωρήσαντιςλῦ

237 2503 317 2569 ἔνθα
340 2502 401 2590 γὰρ
429 2503 588 2591 φιλοτιμία
621 2500 773 2591 τρόφιμος
798 2502 936 2588 ἀπειρίας
962 2497 1037 2586 ὅλην
1064 2499 1251 2583 ἓνδυσαμίνη
1279 2497 1338 2581 τὴν

238 2605 355 2692 ἀωρίαν
374 2611 436 2672 τών
454 2603 536 2693 ὅρων
550 2601 746 2690 καταχορεῦει
760 2611 817 2690 τῆς
837 2605 993 2686 εῦταξίας,
1018 2603 1140 2670 irrisui
1154 2601 1248 2687 πίρας
1262 2599 1340 2666 ἀνο-

238 2714 365 2775 λουθεΐν
379 2717 444 2784 τοῖς
458 2710 628 2798 προοιμίοις
644 2709 779 2784 ίπιεικιῦς
798 2702 1123 2796 ἀντιστρατευόμενον,
1150 2703 1239 2772 οῦδὲν
1252 2703 1337 2770 ἀπει-

238 2808 302 2888 κός.
330 2809 402 2878 οῦδὲ
415 2810 493 2898 γὰρ,
509 2807 551 2888 ὡς
571 2807 683 2893 ἴοικεν,
699 2811 808 2879 oreo
826 2809 921 2879 tneor
942 2820 1009 2888 τοῖς
1023 2806 1190 2892 τοιοῦτοις,
1215 2805 1260 2892 μη
1280 2804 1338 2890 τὴν

239 3041 345 3107 seben,
365 3045 396 3094 ut
411 3045 511 3096 taceret
524 3045 620 3098 etcum
633 3042 748 3100 lubitum
760 3059 824 3115 pree
839 3059 870 3098 se
882 3043 979 3108 ferret,
994 3041 1022 3095 in
1038 3057 1090 3112 quo
1102 3039 1201 3096 inesset
1218 3037 1337 3094 πτίσσετε

241 3111 366 3182 quaedum
377 3117 405 3164 et
418 3111 553 3180 prudentis
567 3113 644 3167 snirni
660 3113 760 3183 species
772 3119 928 3182 appareret,
944 3111 1095 3164 Letirrorurn
1107 3111 1232 3164 videlicet

241 3179 361 3237 lenonem
374 3181 573 3247 contemnentls3
590 3181 751 3253 nequeenim
764 3179 805 3234 dis
824 3179 940 3234 utetione
951 3197 1010 3234 esse
1020 3197 1085 3250 opus
1097 3178 1125 3232 in
1138 3187 1275 3250 praesens.
1304 3181 1340 3232 nt

242 3265 299 3302 curo
311 3265 398 3302 rursus
414 3250 555 3320 cogitarem
573 3251 699 3304 silentium
712 3249 767 3303 iere
781 3265 810 3302 su
824 3249 925 3319 picione
941 3265 993 3302 non
1013 3265 1117 3312 curere,
1134 3247 1182 3302 sed
1197 3245 1226 3300 in
1245 3263 1341 3310 eornn,

242 3317 288 3388 qui
298 3318 362 3370 ioris
373 3325 553 3384 versarentur,
570 3320 660 3374 eninis
672 3319 758 3372 verius
776 3325 803 3371 et
821 3317 972 3388 multiplices
988 3315 1158 3386 cogitetiones
1175 3315 1290 3369 excitsre
1308 3331 1340 3368 sc

243 3398 376 3456 sporgere,
392 3403 477 3440 eorum
489 3389 646 3456 praesertim,
661 3387 706 3458 qui
717 3404 765 3440 nec
776 3387 880 3458 linguae
889 3404 937 3440 ncc
949 3385 1031 3439 enimc
1045 3387 1170 3455 imperare
1184 3383 1342 3448 didicissent,

243 3453 414 3524 patriurclrsrn
428 3462 455 3508 et
469 3456 603 3528 episcopos
615 3455 736 3526 quosdam
748 3456 858 3509 selectos
871 3453 989 3526 privatin
1009 3455 1117 3508 conveni
1134 3461 1162 3507 et
1182 3471 1261 3507 mesu
1284 3469 1344 3506 ssu·

243 3523 350 3576 tentisnr
365 3523 398 3576 sd
414 3525 481 3577 hunc
499 3525 555 3579 lcre
574 3529 674 3579 niodum
694 3524 763 3594 opud
782 3541 827 3579 sos
846 3541 878 3579 ex
897 3524 967 3577 osuit
990 3523 1055 3594 (11.)
1071 3521 1216 3594 „Equidem
1230 3521 1269 3576 its
1288 3537 1343 3576 sun

165 3609 168 3620 ·
244 3591 385 3657 nniuetns,
400 3591 440 3646 itu
453 3593 487 3648 ed
496 3594 546 3648 hoc
558 3601 684 3648 certencu
703 3593 768 3647 nihil
781 3591 841 3647 milri
902 3593 1001 3646 critntis
1021 3593 1114 3646 deesse
1130 3593 1230 3656 sentio,
1246 3597 1276 3644 ut
1294 3607 1342 3644 non

243 3659 318 3713 ruodo
327 3658 456 3730 linguon,
473 3664 519 3717 scd
533 3663 641 3718 oninium
651 3663 743 3726 etiarn,
760 3662 872 3716 radicem
882 3669 910 3716 et
921 3661 1016 3716 iontem
1027 3659 1137 3731 eloquii,
1154 3661 1279 3732 simulque
1292 3661 1343 3712 lur-

244 3727 352 3796 gitoreur
367 3737 395 3782 et
412 3730 612 3800 dispensatorem
625 3747 710 3784 rerum
724 3731 906 3795 dicendorum,
923 3737 1029 3801 paratus
1042 3730 1090 3782 sisu
1110 3745 1244 3783 exacuas.
1278 3727 1342 3782 Onne

243 3801 331 3850 nutem
342 3797 493 3880 ρλαροριμια,
510 3801 655 3921 priusquam
668 3817 711 3853 res
719 3799 847 3869 postulet,
862 3799 986 3853 audacter
999 3805 1027 3853 et
1039 3798 1175 3868 nsgnilloe
1187 3797 1258 3868 loqui
1272 3803 1299 3851 et
1314 3795 1343 3850 in

244 3881 277 3918 ea
288 3883 345 3920 esse
357 3883 475 3936 opinione
483 3868 510 3922 vi
528 3887 593 3934 een,
608 3875 638 3922 ut
650 3877 678 3923 et
689 3876 804 3939 tempore
816 3873 843 3922 et
855 3885 898 3922 rss
908 3869 980 3938 ipsas
991 3867 1118 3922 volontati
1130 3883 1191 3920 sose
1204 3865 1289 3920 stetin
1301 3881 1343 3918 so·

246 3935 302 3986 cino
314 3951 481 4000 concurrere,
496 3938 571 3990 ἱαιιυο
587 3938 688 3992 obvium
700 3955 836 3993 occurrere
845 3937 1019 4003 arbitrentur,
1037 3935 1123 3990 vereri
1137 3935 1198 3990 milri
1210 3935 1295 3998 subit,
1311 3951 1343 3987 ns

245 4003 290 4056 ubi
302 4011 384 4058 reret
394 4009 493 4075 tempus
505 4005 656 4088 pertulerit,
679 4025 750 4060 ormo
763 4006 832 4060 ultro
850 4005 1006 4060 sdverssrlis
1022 4006 1143 4068 trudent,
1158 4011 1238 4074 etque
1255 4005 1341 4056 erden

218 4075 225 4082 '
244 4087 328 4142 poeno
341 4073 480 4128 mulctandi
493 4081 553 4140 not,
568 4091 620 4142 qun
632 4075 785 4129 desertores.
819 4075 886 4130 Nem
903 4075 948 4128 ubi
960 4074 1065 4128 nubilio
1079 4073 1223 4144 inperitius
1236 4073 1343 4136 slnmns,

246 4143 314 4194 omni
324 4143 524 4212 opportunitatis
537 4145 637 4198 ratione
651 4145 786 4213 neglecte,
803 4143 944 4199 modestisc
960 4143 1053 4198 limites
1072 4139 1213 4196 insolenter
1224 4141 1342 4204 trsnsilit,

246 4209 284 4262 ibi
300 4211 377 4264 etiem
390 4229 447 4266 curu
461 4213 534 4298 sequi
547 4213 660 4278 exitum,
677 4214 722 4296 qui
737 4212 826 4284 prinis
843 4213 956 4284 inceptis
967 4217 1112 4284 repugnet,
1127 4227 1179 4264 non
1195 4215 1237 4266 est
1252 4211 1342 4264 uiren-

247 4277 315 4332 dum.
349 4281 488 4338 Εσλαιναιο
501 4281 539 4337 illi
555 4283 624 4339 hond
638 4289 771 4352 cogitent,
790 4299 840 4337 non
855 4281 968 4353 linguon
982 4281 1154 4353 tenporibus,
1170 4279 1217 4334 sed
1229 4285 1342 4350 tenpore
