2998 4872
207 291 259 340 ru
637 278 697 348 10.
716 277 885 358 sotum

206 449 247 511 ts,
271 457 347 520 quae
360 437 498 501 Patavina
512 460 529 499 a
544 437 697 500 Frontone
711 439 828 500 Ducaao
841 447 965 521 accepte
976 439 1094 522 primus
1107 441 1259 523 vulgavit,
1281 455 1313 508 at

205 540 369 623 Nicephori
389 540 579 622 patriarchae
594 541 747 602 Breviorio
758 540 905 602 historico
921 542 1086 604 subiunxit.
1129 545 1260 608 Deerant
1281 556 1312 608 et

206 643 266 704 alie
281 664 342 704 nou
356 643 473 704 minora
481 664 491 722 3
514 643 600 724 quale
612 654 659 705 est
670 645 785 726 insigne
801 644 882 706 illud
895 644 932 706 da
947 631 1104 708 Athanasii
1121 647 1312 730 patriarchae

205 746 376 826 severitate,
392 755 423 807 et
435 746 473 806 ds
485 745 701 807 monachorum
714 745 847 808 moribus
861 747 1040 828 emersdatis3
1057 748 1131 810 item
1148 769 1226 832 quae
1237 769 1311 832 per·

205 847 303 908 tinent
317 848 357 907 ad
374 849 504 910 eiusdem
518 849 589 910 libri
608 859 699 930 eaput
715 850 893 931 septimum,
916 849 955 914 sd
975 849 1045 912 libri
1060 853 1135 913 noni
1151 863 1246 934 caput
1256 873 1311 914 ss-

205 951 356 1024 cundum,
378 959 410 1011 et
423 949 462 1010 ad
474 949 548 1010 libri
562 951 713 1012 undecimi
725 962 818 1034 caput
829 953 902 1013 item
917 951 1092 1015 secundum.
1133 955 1311 1036 lieniqueiu
1403 986 1406 992 ν

205 1051 332 1132 singulis
345 1054 407 1114 lere
420 1052 537 1134 paginis
553 1053 645 1114 dictio
658 1055 756 1134 aliqua
769 1063 822 1115 ant
835 1055 924 1116 etiam
936 1054 1040 1135 plures
1055 1055 1309 1128 desiderabantur,

205 1154 265 1218 llos
279 1175 380 1216 omues
395 1156 530 1217 defectus
545 1177 585 1218 ex
604 1157 709 1218 codice
720 1157 775 1216 illo
789 1157 883 1236 Regio
896 1155 1104 1238 supplevimus
1119 1157 1153 1218 in
1172 1159 1229 1220 laec
1245 1159 1310 1220 edi-

204 1255 297 1318 tione.
338 1257 452 1321 Maiora
465 1258 674 1342 supplementa
685 1257 719 1318 in
736 1258 919 1340 marginibus
932 1255 1079 1320 indicata:
1101 1259 1219 1322 minora
1239 1281 1309 1322 cau·

205 1357 329 1440 cellis*)
352 1361 482 1438 inclusa,
504 1360 814 1444 mancaepammus,
836 1381 914 1446 quae
927 1360 1101 1446 innumerae
1124 1373 1228 1440 erant,
1247 1383 1307 1446 ope

204 1462 338 1524 ciusdem
352 1462 463 1522 codicis
476 1462 618 1526 sublatae.

290 1565 406 1626 Rursus
418 1565 453 1626 in
465 1586 500 1626 eo
513 1565 580 1646 ipso
603 1567 708 1628 codice
722 1564 783 1628 boo
796 1573 905 1629 notatu
921 1563 1129 1645 dignissimum
1143 1575 1205 1646 eat,
1226 1566 1311 1650 quod

206 1685 282 1746 quae
302 1667 448 1746 Gregoras
470 1669 555 1728 libris
573 1677 704 1748 quatuor
722 1668 883 1749 postremis
903 1667 1034 1749 plurime
1052 1667 1197 1747 inseruit,
1216 1668 1309 1732 variis

205 1769 389 1850 temporibus
403 1791 420 1830 a
432 1790 464 1829 ae
476 1769 665 1849 elucubrata,
685 1771 797 1833 essere
815 1771 916 1830 omnia
933 1771 1044 1832 ibidem
1057 1769 1172 1848 desint3
1193 1769 1239 1830 sic
1257 1789 1311 1832 au-

203 1881 265 1933 tem
284 1871 345 1933 suis
361 1893 495 1952 quaeque
515 1871 591 1933 locis
612 1872 709 1934 recisa
735 1873 870 1952 luerint,
891 1883 927 1936 ut
942 1871 1125 1935 narrationis
1147 1881 1309 1934 contextus

202 1973 290 2034 nullo
305 1973 392 2035 hiatu
405 1976 552 2058 abruptus
565 1977 616 2056 ait,
630 1977 685 2037 sed
697 1977 837 2037 omnibus
849 1975 986 2058 partibus
1000 1985 1070 2057 apte
1084 1973 1309 2039 cohaerentibus

203 2076 362 2155 integeret
377 2078 537 2138 continuus
551 2081 705 2160 procedat.
746 2079 783 2139 ld
800 2079 948 2159 Gregorae
962 2079 1057 2162 ipsius
1072 2077 1184 2138 iudicio
1196 2079 1308 2138 factum

205 2179 314 2240 velim:
336 2200 433 2260 nequo
449 2201 552 2242 avero
577 2181 735 2260 abhorret,
754 2201 824 2242 euin
843 2183 960 2264 primae
978 2180 1118 2242 editionis
1139 2201 1240 2242 amors
1255 2201 1308 2242 re-

205 2281 348 2362 frigerato
363 2301 452 2344 suum
465 2303 542 2365 opus
558 2284 783 2364 recognovisse,
805 2305 841 2344 ae
858 2305 983 2366 eaquae
1006 2283 1177 2346 ostentandi
1194 2281 1308 2362 ingenii

204 2395 458 2465 cessasionem,
478 2387 644 2464 monodias,
665 2386 825 2466 orationes,
847 2388 964 2467 aliaque
981 2387 1012 2448 id
1027 2407 1120 2468 genus
1136 2387 1308 2448 resecuisse.

204 2487 317 2548 Vereor
331 2497 444 2566 tamen,
464 2510 502 2550 ne
516 2499 547 2550 et
558 2491 670 2569 gloriae
684 2491 776 2572 paulo
792 2489 908 2551 avidior
930 2511 980 2551 eos
999 2511 1132 2570 pannos,
1159 2491 1192 2550 in
1210 2491 1308 2572 prima

205 2589 370 2670 scriptione
393 2593 535 2672 omissos,
568 2592 698 2672 repetito
721 2592 829 2654 deinde
855 2594 941 2674 operi
966 2592 1184 2652 intertexuerit.
1225 2593 1307 2652 Haec

203 2692 269 2772 ipsa
284 2703 380 2768 certa,
406 2712 515 2772 quaes
538 2693 642 2752 codiee
656 2694 747 2774 Regio
769 2695 869 2756 abesse
887 2695 1028 2772 dicimus,
1050 2693 1128 2754 nibil
1151 2695 1190 2755 ad
1210 2695 1307 2756 bisto-

202 2795 280 2856 riam
293 2797 459 2875 pertinent:
480 2795 574 2856 immo
587 2794 762 2859 historicam
777 2817 880 2859 rerum
895 2797 1001 2858 seriem
1015 2799 1253 2877 interrumpunt,
1275 2805 1307 2858 et

201 2897 311 2959 lectori
324 2897 363 2956 ad
374 2897 487 2959 maiora
507 2898 662 2961 festinanti
676 2921 792 2962 moram
805 2901 959 2962 obiiciunt.
992 2901 1104 2960 Tamen
1115 2898 1184 2979 quia
1196 2899 1230 2968 in¹
1241 2899 1306 2975 illo,

201 3021 263 3081 qno
285 3021 358 3062 usus
379 3011 425 3061 est
439 3002 586 3082 Wolfius,
610 3003 715 3064 codice
733 3003 938 3086 manuscripto
963 3023 1034 3063 euru
1058 3003 1160 3062 locum
1185 3000 1306 3061 obtine-

201 3102 274 3164 baut
299 3123 388 3183 quem
407 3103 543 3165 inlibris
561 3103 649 3166 editis
666 3105 793 3187 babent,
816 3127 880 3166 non
895 3105 960 3168 ausi
973 3123 1076 3166 sumus
1092 3123 1127 3162 es
1146 3103 1216 3162 loco
1235 3121 1306 3162 mo-

199 3225 270 3267 vere
281 3215 312 3266 et
325 3206 386 3266 alio
399 3207 552 3286 relegare:
573 3209 628 3268 sed
644 3209 764 3286 eadem,
785 3217 816 3269 et
829 3209 887 3268 alia
903 3207 1050 3287 quaedam
1069 3205 1156 3266 uncis
1178 3204 1307 3272 inclusa,

202 3329 266 3368 non
280 3329 454 3391 comparere
465 3309 500 3372 in
522 3310 629 3372 codiee
641 3309 743 3391 Regio,
762 3311 906 3372 lectorem
918 3307 1073 3372 admoueri
1083 3307 1155 3370 satis
1170 3327 1233 3369 esse
1243 3327 1305 3389 pu·

200 3413 339 3474 cavimus.

284 3512 390 3576 Varias
413 3510 560 3572 lectiones
581 3513 741 3594 plerasque
768 3511 977 3598 suppeditavit
1001 3509 1080 3574 idem
1099 3508 1303 3572 bibliothecas

197 3615 306 3696 Regiae
319 3615 417 3676 codex
421 3635 434 3692 ‚·
455 3634 568 3696 paucas
580 3635 653 3677 vero
669 3615 695 3676 ia
709 3615 796 3676 cuins
810 3638 954 3678 numerus
965 3625 1011 3678 est
1023 3619 1108 3684 2078
1115 3659 1124 3691 ,
1143 3631 1249 3694 parum
1264 3613 1304 3672 ab

198 3719 286 3780 editis
301 3717 459 3795 diversus;
480 3717 541 3778 nisi
554 3717 637 3798 quod
652 3715 687 3778 in
703 3718 852 3780 librorum
867 3727 899 3780 et
921 3718 1055 3800 capitum
1070 3715 1217 3778 divisione
1236 3715 1301 3774 dis-

197 3831 318 3902 crepat:
338 3820 434 3882 libros
457 3829 558 3880 autem
582 3839 646 3879 non
658 3820 762 3900 plures
776 3822 912 3882 continet
923 3841 1014 3902 quam
1028 3829 1168 3901 quatuor,
1182 3817 1302 3876 tametsi

196 3919 349 4001 praefixus
358 3931 405 3982 est
415 3919 511 3982 index
523 3921 674 3983 librorum
682 3941 747 3985 sex.
771 3923 1024 4001 Monodiaaduae‚
1038 3920 1214 3983 meamlicet
1224 3939 1303 4000 quae

196 4021 318 4083 initium
329 4023 399 4085 libri
413 4021 521 4084 decimi
535 4023 742 4103 constituunt,
764 4023 925 4104 castigatae
938 4035 970 4088 et
991 4025 1108 4106 aliquot
1122 4021 1300 4126 lectionibus

230 4171 286 4245 Ἧ
274 4173 391 4243 [maora
407 4173 597 4247 quoqnelmlns
612 4173 711 4228 codicis
732 4187 761 4226 su
781 4173 925 4245 placenta,
944 4175 1067 4233 cancellis
1088 4173 1215 4240 sublatis,
1230 4169 1299 4228 indi·

200 4265 203 4272 ·
265 4243 704 4304 eammiubscuoveeditiouelo
791 4246 945 4318 solat]
