2998 4872
254 271 320 322 vsu
569 261 628 330 10.
649 257 817 332 BOlVlNl
835 256 1089 327 DEDICATlO.

256 420 363 500 Magna
385 416 462 478 baec
487 427 518 482 st
544 419 707 501 praeclara.
751 417 811 478 Sed
833 416 960 477 ulterius
981 417 1089 478 deinde
1108 416 1273 498 progressis
1293 437 1357 479 non

256 521 375 583 minore
395 531 575 598 occurrunn
596 521 779 581 Francorum
801 519 906 598 ingens
922 519 1086 596 exercitus,
1107 521 1162 578 sub
1176 519 1357 582 Cumsrrsi-

257 624 324 703 gnis
346 623 491 684 militans:
513 622 582 684 Asia
602 622 740 682 subactae
764 641 812 682 res
833 629 913 681 terra
937 629 968 679 et
992 621 1068 681 mori
1092 621 1263 701 aCssoso,
1285 621 1358 682 Divi

256 727 407 786 Lunovmr
426 726 534 802 fratre,
557 733 661 784 contra
685 723 859 784 Michs'e'lem
882 723 1088 802 Palaeologmn
1103 724 1221 787 fortiter
1239 736 1355 805 gestae:

258 827 471 888 Catalanorurn
493 827 618 907 denique
641 826 722 904 (nam
742 835 773 887 et
794 825 903 885 horum
917 826 1011 902 gloria
1027 825 1065 887 sd
1078 847 1134 886 nos
1149 824 1293 914 pertinet)
1306 828 1358 889 vi-

257 929 369 992 ctoriae
391 929 580 990 incredibiles
602 929 639 990 de
660 927 783 1006 Turcis,
806 927 843 987 de
864 927 1034 1007 Byzantiis,
1057 927 1094 989 de
1114 931 1249 998 Achaeis.
1290 931 1357 1007 His,

255 1033 325 1094 Rex
336 1032 475 1108 Manus,
496 1029 679 1092 ornamentis
695 1030 851 1109 insignem,
875 1039 905 1090 et
919 1029 1041 1091 virtutis
1052 1031 1211 1093 Francicus
1229 1032 1357 1113 quibus·

257 1135 327 1198 dom
349 1135 435 1214 quasi
449 1133 614 1194 luminibus
626 1132 818 1211 illustratam,
841 1131 1008 1213 Nicephors’
1030 1135 1182 1215 Gregooae
1195 1135 1359 1196 Historiam

256 1236 401 1316 benigne,
422 1245 459 1296 ut
481 1257 587 1317 spero,
608 1245 789 1316 excepturus
812 1255 852 1296 es.
894 1234 992 1296 Habet
1012 1256 1085 1298 vcro
1101 1237 1271 1298 Historicus
1294 1237 1359 1316 ipse

255 1339 362 1399 laudes
387 1337 545 1419 propriso,
574 1357 702 1418 quarum
731 1337 989 1398 commendatione
1020 1339 1168 1420 optimum
1190 1338 1360 1418 Principem

257 1441 347 1502 facile
359 1439 416 1502 sibi
428 1439 582 1519 conciliet3
595 1439 698 1499 nobile
712 1439 871 1520 apudsuos
885 1439 1069 1520 Philosophi
1082 1463 1210 1504 nomen:
1224 1441 1360 1502 omnium

259 1543 322 1609 sere
337 1541 542 1604 doctrinarum
559 1540 774 1622 professionem
785 1543 954 1623 publicam:
969 1541 1186 1624 Imperatorum
1201 1543 1361 1604 familiari-

258 1654 367 1708 tatem:
388 1663 543 1727 supremae
561 1643 595 1704 in
609 1643 742 1704 Ecclesia
757 1643 872 1706 Graeca
893 1643 1046 1722 dignitatis
1067 1645 1196 1726 insignis
1217 1646 1360 1728 repudie-

259 1755 307 1808 ta:
328 1754 360 1806 et
380 1743 455 1828 (quo
475 1745 555 1806 nihil
573 1746 655 1828 apud
672 1745 733 1825 Te,
752 1745 907 1824 religionis
927 1765 1016 1807 verae
1039 1747 1241 1826 defensorem,
1262 1747 1360 1808 maius

260 1849 398 1910 futurum
415 1845 479 1929 est)
499 1849 618 1910 labores
638 1869 696 1930 pro
711 1855 794 1910 recta
810 1846 895 1907 Fidei
909 1847 1047 1909 doctrina
1061 1849 1100 1910 sd
1117 1861 1282 1912 extremum
1293 1851 1360 1932 spi·-

260 1953 355 2012 ritum
369 1949 537 2014 exhaustos.
580 1952 638 2013 Sed
650 1949 722 2033 quid
737 1969 791 2030 ego
809 1947 884 2010 boec
898 1951 1026 2028 Tecum,
1046 1952 1114 2014 nex
1127 1952 1359 2031 Auorsrrssnse,

261 2053 358 2117 olieno
384 2053 475 2136 plano
489 2053 646 2136 tempore?
668 2073 739 2116 cum
751 2069 855 2116 omnes
873 2052 1065 2131 cogitationes
1081 2055 1158 2116 Tuas
1173 2065 1221 2118 tot
1231 2065 1262 2118 et
1275 2065 1360 2116 teuta

260 2155 379 2235 negotia
408 2155 468 2218 sibi
496 2157 673 2236 vindicent3
710 2157 781 2216 cum
815 2153 963 2234 cogendae
990 2156 1192 2239 undecunque
1217 2159 1360 2238 legiones,

264 2257 371 2320 classes
393 2257 572 2338 armandas,
592 2259 754 2322 munienda
771 2257 901 2340 oppida3
921 2253 1024 2318 hostes
1044 2278 1107 2320 non
1126 2261 1237 2322 nostris
1253 2261 1361 2340 solum,

262 2359 316 2421 sed
335 2369 366 2422 ct
387 2359 539 2426 sociorum
552 2359 662 2425 finibus
678 2358 816 2437 a1·cendi;
839 2378 908 2422 cum
928 2356 1058 2441 denique
1073 2369 1103 2423 et
1116 2364 1299 2446 populonms
1309 2385 1361 2425 ss·

246 2461 323 2538 slus,
344 2471 375 2523 et
387 2463 500 2544 Regum
515 2462 622 2540 tutele,
637 2472 669 2526 et
687 2461 780 2524 totius
794 2480 888 2542 paene
900 2459 982 2522 orbis
997 2471 1146 2526 terrerum
1166 2486 1238 2528 cure
1251 2465 1360 2547 prori-

262 2563 395 2632 dentiam
406 2566 499 2628 Tuam
516 2565 555 2628 ad
572 2585 603 2626 se
615 2573 770 2630 revocant.
793 2564 884 2626 Plura
899 2563 1014 2628 desino.
1036 2567 1076 2626 At
1087 2568 1150 2640 Tu,
1172 2569 1282 2633 Rrocu
1295 2587 1361 2630 us·-

260 2687 351 2748 mr,
372 2676 438 2730 tum
452 2666 638 2750 cupientibus
651 2665 796 2744 consiliis,
816 2675 884 2728 tum
898 2668 988 2729 ermis
1003 2667 1177 2732 victricibus
1188 2669 1268 2732 bello
1279 2692 1362 2734 com·

260 2789 358 2856 pons;
380 2780 430 2848 ut,
451 2789 526 2852 poce
542 2767 678 2832 hostibus
698 2767 861 2850 imperato,
882 2767 949 2830 'ribi
969 2779 1000 2832 st
1024 2772 1096 2832 Tuis
1120 2771 1243 2851 longum
1264 2774 1360 2838 vives.

260 2871 342 2933 llaec
354 2881 427 2934 sunt
439 2883 511 2936 vote
522 2870 654 2956 publica.
695 2868 762 2932 Hoc
775 2869 900 2949 Religio,
924 2870 983 2932 boc
999 2873 1137 2936 alumnae
1153 2875 1251 2954 Tuos,
1272 2877 1361 2940 Artas

262 2983 294 3034 et
317 2975 484 3051 Scientio03
512 2972 574 3037 boc
589 2973 678 3036 novis
695 2972 831 3056 quotidie
854 2991 910 3054 per
930 2975 972 3036 Te
992 2976 1100 3060 opibus
1119 2977 1277 3059 florentes,
1304 2979 1361 3044 Bi-

260 3073 412 3138 bliotheca
430 3076 522 3156 Regia
540 3085 572 3140 et
583 3073 947 3160 Luperaeatypogrspbis
966 3098 1084 3143 mecum
1095 3089 1217 3148 vorent.
