2998 4872
579 348 837 426 PRAEFATIO.
1202 365 1270 418 ιιιιι

167 515 335 576 iiluatratae
347 514 472 579 sueram
482 531 523 575 ex
536 511 638 576 codice
649 513 824 575 colbertino
835 511 936 591 49503
953 516 1038 578 cuim
1051 514 1139 580 nobis
1154 516 1269 598 copiam

166 617 240 680 iecit
254 617 311 680 vir
322 637 412 698 quam
425 617 532 682 doctae
545 626 606 676 tam
617 617 765 697 amabilia,
781 617 949 700 Stephanus
962 619 1113 682 Batuziua.
1154 617 1271 684 Habui-

166 739 234 780 mua
246 729 400 800 praeterea
412 719 556 784 lectiones
571 719 749 799 nonnullae,
771 740 809 780 ex
822 721 968 783 Vaticano
982 723 1086 786 codice
1106 722 1271 806 descriptae

166 823 314 884 Faideaici
326 822 514 903 Roatgaerdii
526 822 627 886 atudio
642 833 673 885 et
688 822 852 902 diligentia.
887 824 946 885 Sed
956 845 1014 901 eae,
1029 830 1101 906 quia
1112 851 1178 894 aero
1192 831 1270 890 atla-

165 935 216 987 tae
228 934 309 1003 aunt,
322 913 581 1007 pertendanenpi
592 933 622 987 et
630 925 689 986 iam
699 924 756 986 auh
769 921 871 1008 praeto
880 926 1086 1009 multiplicatio
1098 931 1136 994 iia
1152 933 1270 1016 paginis

167 1027 208 1089 ad
225 1049 298 1109 quaa
309 1026 518 1110 pertinebant,
532 1025 647 1089 idcirco
660 1024 752 1090 huius
768 1027 932 1090 voluminis
946 1034 1161 1114 appendicibus
1175 1055 1271 1096 ιιιιιε-

166 1131 292 1192 ctendaa
305 1129 532 1194 enervavimus.
575 1129 700 1193 Canem
721 1151 759 1192 ex
770 1131 973 1195 Bibliothecae
986 1137 1194 1215 Seguierianae
1218 1159 1270 1200 ca-

165 1235 283 1314 talogo,
302 1243 407 1296 extem
423 1231 507 1308 illic,
527 1231 609 1294 inter
630 1226 749 1294 cadica
770 1235 992 1317 manuscriptae
1006 1238 1153 1320 Graecae,
1174 1241 1271 1302 Nica·
1293 1269 1324 1304 κ,

161 1338 259 1420 photi
285 1337 438 1418 &maxia
465 1334 614 1396 hiatoriae
641 1335 818 1414 Romanae,
858 1356 928 1398 cum
955 1337 1107 1402 Chronico
1136 1341 1275 1408 zonarae

166 1439 368 1502 coniunctam.
410 1437 489 1502 Eum
509 1439 660 1517 codicem,
689 1437 723 1498 in
745 1457 806 1518 quo
826 1435 920 1499 librae
938 1440 1101 1524 Nicephori
1120 1443 1271 1524 Gregorae

164 1541 307 1606 undecim
318 1540 435 1625 prioree
447 1541 557 1604 titulun
571 1539 637 1622 ipae
649 1537 798 1602 contineri
811 1539 928 1621 innuit,
950 1564 1060 1624 operae
1074 1545 1180 1608 suiaaet
1193 1565 1272 1606 con·-

164 1646 245 1708 terre
257 1664 328 1706 cum
338 1642 503 1730 impreaaia.
546 1643 606 1708 sad
619 1639 694 1704 nihi
706 1640 747 1704 ad
760 1661 826 1704 eam
841 1642 1060 1710 Bibliothecam
1075 1647 1174 1710 aditae
1188 1667 1270 1708 non-

165 1745 239 1810 dum
254 1746 360 1828 patuit.

251 1849 386 1912 Latinam
409 1847 706 1934 interpretationem,
734 1848 821 1911 cuiue
844 1861 952 1916 auctor
974 1863 1052 1916 earet
1067 1850 1270 1933 Hieronymus

167 1949 310 2029 Wolfiaa,
337 1971 479 2034 magnum
494 1951 577 2036 apud
595 1951 730 2014 eruditae
751 1974 881 2033 nomen,
901 1956 1048 2018 uinceram
1071 1965 1105 2017 et
1125 1951 1271 2016 intactam

165 2075 283 2126 pumma
294 2055 356 2116 fide
366 2053 686 2138 repraesentareiaitio
700 2055 906 2120 decreveram:
925 2057 1043 2120 comitii
1059 2057 1169 2120 deinde
1180 2055 1271 2116 huiue

164 2157 302 2220 mutandi
316 2177 422 2220 caueae
437 2155 542 2240 plurea
553 2158 685 2220 nerunt.
728 2159 876 2238 Gregorca
900 2160 1073 2241 multiiugae
1092 2157 1271 2222 eruditionis

165 2271 197 2324 et
209 2261 283 2323 artie
298 2257 466 2322 rhetoricae
479 2267 646 2322 ostentator
659 2277 747 2342 caepa
761 2259 880 2322 aberrat
901 2264 1106 2343 apropoaito,
1126 2271 1157 2323 et
1176 2261 1216 2322 ad
1237 2280 1272 2321 ea

165 2385 243 2448 quae
255 2371 430 2446 peramant
444 2361 524 2424 nihil
538 2362 577 2422 ad
592 2381 656 2422 rem
673 2360 828 2444 pertinent
840 2363 1019 2443 digreditur.
1061 2365 1096 2426 ln
1109 2363 1148 2426 iia
1162 2361 1242 2447 παρέ
1259 2397 1272 2412 -

163 2467 413 2552 γοιςιιιίιιιιιψῑ
426 2485 515 2547 quam
532 2464 572 2524 ait
586 2461 741 2526 vachowa.
765 2464 955 2547 EaWolfiua,
969 2467 1058 2528 rehua
1072 2465 1271 2546 magisquam

163 2563 265 2632 verbi'a
287 2569 423 2630 intentus
429 2613 439 2647 ,
460 2565 601 2628 breviora
627 2567 726 2629 facere
745 2567 869 2629 atuduit.
911 2568 1016 2650 Itaque
1038 2577 1069 2630 et
1083 2566 1272 2630 luxuriantia

165 2673 365 2755 compescuit,
387 2679 505 2752 atquae
518 2667 642 2732 omnino
659 2669 872 2732 redundabant
892 2671 1066 2754 anppreeait,
1107 2671 1172 2752 Ego
1196 2691 1271 2732 vero

164 2779 316 2840 tamarum
328 2793 379 2836 me
393 2791 501 2855 operae
518 2771 651 2854 pretium
671 2774 779 2856 patavi
788 2819 798 2853 ,
819 2774 846 2835 ai
866 2775 998 2836 unctoria
1014 2773 1123 2836 Graeci
1139 2771 1271 2850 veatigiia

163 2879 367 2955 inhaererem,
389 2885 480 2956 atque
494 2873 558 2935 eiua
573 2873 665 2938 verba
676 2875 840 2936 lectoribue
848 2920 859 2956 ,
880 2876 907 2936 ai
919 2876 1020 2936 minua
1033 2895 1271 2951 annumeratam,

165 2982 272 3042 aaltem
289 2977 428 3059 religione
439 2987 471 3039 et
481 2976 613 3040 fideliter
626 2977 845 3061 appenderem,
867 2997 961 3058 quaa,
982 2985 1019 3039 ut
1037 2975 1164 3058 opinor,
1186 2973 1271 3057 opti-

163 3105 213 3146 ma
227 3091 273 3145 eat
283 3081 362 3144 ratio
375 3079 604 3164 interpretandi.
640 3079 677 3140 In
690 3079 869 3160 quibusdam
886 3082 976 3144 etiam
992 3101 1011 3140 a
1027 3069 1101 3142 vero
1115 3099 1203 3140 aenan
1217 3078 1272 3139 de-

161 3185 284 3250 flexiana
296 3183 373 3246 mihi
386 3183 471 3248 visua
483 3191 530 3246 eat
544 3183 694 3265 interpret
713 3181 922 3260 doctiaaimua5
944 3193 999 3244 aut
1017 3181 1195 3242 cententiam
1215 3199 1273 3239 au-

161 3289 257 3353 cton'a
272 3289 402 3350 obscure
415 3297 446 3350 et
462 3294 600 3350 contorta
622 3285 810 3367 expremiaae.
851 3283 936 3345 Nihil
959 3281 1029 3347 dico
1049 3284 1088 3344 da
1105 3280 1273 3343 minoribus

161 3394 261 3468 vidia,
284 3393 395 3473 quibua
405 3389 525 3453 nullum
539 3409 630 3472 apua,
652 3385 848 3470 quantumvis
863 3395 978 3448 teraum
998 3393 1030 3446 et
1042 3385 1198 3464 limatum,
1219 3403 1273 3444 ea·

161 3515 229 3558 rere
243 3493 369 3556 omnine
382 3501 498 3576 pateat:
519 3509 597 3573 quae
609 3473 730 3572 quidem
745 3488 819 3552 vida
833 3497 870 3551 ut
879 3489 1055 3574 plerumque
1068 3508 1124 3552 noa
1137 3487 1170 3548 in
1182 3487 1273 3548 lucu·

161 3597 352 3660 hrationibua
370 3593 484 3658 naatria
504 3594 630 3674 fallunt,
658 3591 703 3655 ita
725 3591 760 3653 in
786 3591 890 3656 alienia
909 3593 965 3658 vix
987 3610 1121 3673 unquam
1144 3587 1273 3670 fugiunt.

160 3699 310 3781 Equidem
324 3719 374 3760 eoa
387 3715 515 3769 naevoa,
540 3693 664 3780 corpori
678 3693 815 3778 alioquin
829 3692 946 3778 egregio
957 3693 1126 3777 inaperaoa,
1147 3701 1184 3754 ut
1204 3690 1272 3754 exi-

159 3821 276 3864 merem
288 3799 392 3863 aedulo
405 3821 526 3885 operam
540 3797 627 3862 dedi:
647 3819 705 3862 nec
718 3819 767 3861 ane
777 3817 811 3860 ea
824 3819 860 3861 re
873 3797 1016 3860 iniuriam
1031 3793 1144 3857 Wolfio
1167 3792 1273 3856 feciaae

161 3901 313 3982 arbitror,
334 3903 387 3966 aed
404 3903 442 3964 de
462 3921 499 3965 eo
517 3901 594 3964 hene
610 3901 753 3964 meruieaa
773 3901 822 3964 aio
848 3908 881 3962 et
900 3895 1063 3962 contendo.
1104 3897 1169 3959 Nec
1191 3895 1273 3956 enim

160 4005 236 4088 quia
254 4005 344 4068 illum
359 4003 525 4068 identidem
538 4003 657 4092 lapsum
674 4002 815 4085 corrigo,
836 4001 952 4066 idcirco
965 4019 1014 4064 ma
1032 3998 1086 4066 vel
1105 3997 1273 4064 doctiorem

158 4117 264 4172 atatuo
275 4109 328 4172 vel
340 4107 577 4191 diligentiorem
602 4125 700 4189 neque
714 4107 743 4169 ei
756 4113 918 4190 propterea

579 4205 736 4272 detrahere
747 4212 855 4270 ausim

257 4311 263 4322 '
327 4313 510 4380 Ηαενιιιίιιιι
523 4316 621 4398 copiti
635 4311 737 4375 multo
749 4333 822 4374 aum
834 4305 931 4374 laude
942 4327 1097 4375 eoronam·
1178 4331 1185 4342 ·
1223 4349 1227 4355 =
