3072 4854
393 292 628 368 rusronnu
646 295 923 408 uszsurnnn
942 297 1026 372 nu.
1037 309 1088 375 11.
1200 289 1276 406 sss

187 489 242 542 νος
266 459 360 540 αδτδς
378 459 501 546 διέκοορε
522 461 617 549 μέρος
636 467 693 528 τοῦ
712 463 769 548 τὴν
789 463 893 532 δίοδον
912 463 1136 549 ἐππειχίζοντος
1154 472 1276 556 μακροῦ
1318 475 1348 526 λ.
1365 477 1393 527 c.

186 570 305 651 τείχους
324 567 374 631 καὶ
386 562 470 660 οὕτω
484 573 546 642 πᾶς
557 563 721 644 ἀκωλύτως
735 567 881 650 διέβαινεν
896 562 913 633 δ
925 564 1065 654 στρατός.
1092 565 1158 660 (Ε.)
1170 575 1274 656 Στρα-
1325 545 1394 664 1le

188 673 255 758 φεῖς
279 669 312 734 δὲ
327 667 404 756 πρὸς
425 664 535 734 ἑαυτὸν
555 665 572 734 ὃ
589 667 733 754 βασιλεύς
748 673 799 734 καὶ
814 669 944 737 συνιδὼν
962 665 1004 746 ὥς
1023 671 1054 735 ἐν
1070 677 1165 761 στενῷ
1185 695 1274 740 συνε-
1325 681 1392 738 1328
1475 727 1481 736 .

186 769 333 838 λαύνεταί
348 773 379 838 οἳ
402 770 441 836 τά
460 769 626 859 πράγματα
649 771 703 838 τδν
718 773 774 856 μὲν
787 769 1048 862 πρωτοστράτορμ
1059 771 1113 839 τδν
1130 751 1437 877 Συναδη-ωξὲἓῆῗ·

164 875 241 940 δνδν
266 874 306 940 τά
332 873 470 966 Θρρκικδ
492 875 653 962 παραδούς
667 872 882 962 στρατεύματα
897 875 1005 959 πίμπει
1018 875 1155 964 φρουρὸν
1167 883 1229 944 τῶν
1243 885 1308 946 τελλ

183 977 261 1064 πρὸς
280 975 450 1057 Βυζάντιον
472 975 647 1060 βλεπόντων
668 975 760 1064 δρίων
778 986 834 1064 τῆς
852 977 936 1070 αύτῷ
955 975 1169 1065 κληρωθείσης
1183 980 1279 1066 ἀρχῆς

184 1084 236 1146 καί
251 1091 318 1158 ταῖς
332 1087 387 1146 τού
404 1079 594 1168 Συργιάννου
611 1083 773 1170 ἐκδρομαῖς
794 1082 967 1149 ἀντίπαλον.
1002 1079 1096 1159 αότδς
1112 1085 1132 1146 δ
1136 1083 1145 1107 ²
1164 1084 1278 1150 ἐκεῖθεν

184 1185 358 1266 δαιμονίοις
376 1185 436 1249 τισὶ
455 1195 609 1268 μηχαναῖς
631 1187 682 1249 καλ
705 1183 806 1260 δόλοις
816 1183 895 1270 Ιἐῆνω
917 1189 1058 1268 πολεμεῖν
1071 1191 1115 1273 τῷ
1135 1187 1212 1273 θείῳ
1227 1183 1279 1252 καλ

185 1283 327 1373 δεσπότῃ.
361 1288 412 1351 καλ
430 1293 538 1374 πρῶτα
557 1289 614 1370 μέν
630 1283 823 1373 διατάγματα
842 1292 967 1353 πλεῖστα
983 1290 1102 1376 σποαδῆ
1122 1295 1279 1374 γραφῆναι

142 1385 441 1476 λοπαρεκελεόσατο,
468 1391 500 1455 ἐν
521 1387 568 1466 οίς
588 1386 765 1475 δποσχίσεις
784 1385 952 1478 ἐγράφοντο
974 1387 1091 1478 ἔνορκοι
1108 1387 1277 1478 χρημάτων

184 1496 236 1558 καὶ
249 1489 413 1578 κτημάτων
426 1494 477 1556 καί
492 1499 588 1576 τιμῶν
605 1492 821 1579 προσηκόντων
835 1494 1059 1576 διανομαλτοῖς
1078 1493 1305 1579 sollempni-n

184 1621 249 1672 νοις
268 1593 322 1661 τ’δν
337 1591 487 1680 δεσπότην
501 1598 551 1660 καὶ
572 1601 668 1661 θεῖον.
704 1593 778 1680 ἃδῆ
800 1592 901 1661 πάντα
921 1591 1089 1675 βαναύσοις
1105 1599 1165 1661 τισί
1178 1621 1278 1684 παρο-

185 1700 262 1774 δίοις
278 1695 408 1784 ἀνδράσι
425 1687 566 1775 δεδωκὼς
581 1697 695 1786 ῥίπτειν
703 1699 836 1765 ἐκίλευσε
849 1699 900 1764 καί
914 1700 1095 1784 διασπείρειν
1109 1700 1280 1784 ἐξεπίτηδες

136 1867 138 1880 ,
184 1797 271 1888 παρά
293 1825 326 1865 τε
347 1801 382 1866 τδ
404 1797 613 1888 στρατόπεδον
634 1807 690 1868 τοῦ
707 1797 855 1868 δεσπότου
878 1802 929 1868 καί
951 1807 1091 1886 πανταχῆ
1106 1807 1168 1868 τῶν
1185 1799 1276 1869 ὁδῶν.

142 1913 177 1971 1⁵
186 1901 287 1968 ἐπειτα
309 1903 387 1990 πρὸς
407 1901 529 1980 τούτοις
551 1901 691 1971 θάνατον
716 1902 873 1992 κηρύττειν
897 1903 1029 1970 ἐκίλευσε
1047 1911 1104 1971 τοῦ
1126 1905 1279 1989 βασιλέως

184 2009 236 2072 καί
256 2003 399 2090 πάππου,
427 2004 661 2074 στασιασάντων
682 2011 779 2090 δῆθεν
797 2012 860 2072 τῶν
874 2009 1051 2086 Βυζαντίων
1072 2009 1122 2074 καλ
1138 2005 1279 2074 ἀποκτει-

183 2107 302 2176 νάντων
314 2105 426 2196 αὐτόν.
463 2107 479 2176 δ
497 2108 536 2194 δὴ
550 2113 600 2176 καὶ
614 2107 821 2196 διετράνωσαν
836 2106 1000 2198 περιϊόντες
1017 2107 1178 2194 άπανταχῆ
1194 2110 1224 2175 οἳ
1238 2108 1277 2176 τὰ
1293 2117 1324 2172 Ρ.
1336 2119 1389 2177 21⁹

181 2219 310 2280 τοιαῦτα
324 2209 465 2278 πλάττειν
483 2215 573 2279 δεινοί
579 2264 590 2296 ,
619 2203 662 2279 ὧν
679 2213 709 2278 ολ
723 2215 907 2288 πλείουςκαὶ
921 2209 1030 2298 ὅρκους
1043 2215 1277 2298 προσετίθεσαν,

181 2311 224 2393 ὥς
246 2322 389 2404 παρῆσαν
407 2319 457 2381 καλ
479 2312 631 2382 αὐτόπται
647 2322 704 2400 τῆς
717 2321 827 2400 πικράς
841 2315 953 2378 ἐκείνου
969 2319 1110 2398 τελευτῆς
1123 2313 1280 2398 ἐγίνοντο·

139 2421 233 2492 sonori
255 2416 449 2506 παράστασιν
470 2427 626 2485 ποιεῖσθαι
645 2425 701 2484 τοῦ
715 2415 895 2504 πράγματος
915 2416 1061 2492 θέλοντες
1076 2417 1184 2504 τρίχας
1202 2417 1279 2482 ἐδεί-

182 2545 297 2587 κνυσαν
322 2521 448 2602 λευκάς,
477 2521 514 2585 oi'
532 2513 612 2606 ῆσαν
627 2521 683 2604 μὲν
706 2521 739 2584 ἐκ
756 2515 921 2608 προβάτων
942 2523 1074 2601 λευκῶν,
1108 2517 1277 2588 ἐδεόενυντο

183 2625 204 2688 δ
210 2623 220 2648 ²
236 2619 278 2698 ὥς
293 2623 326 2688 ἐκ
342 2629 396 2706 τῆς
412 2628 547 2710 κεφαλῆς
559 2625 610 2688 καλ
623 2629 679 2706 τῆς
693 2617 811 2707 δπῆνης
823 2627 879 2687 τού
891 2627 1019 2709 γηραιοῦ
1034 2621 1202 2706 βασιλίως,
1225 2619 1278 2688 ἅτε

183 2735 253 2801 ταῖς
268 2731 324 2791 τού
339 2723 439 2809 δῆμον
455 2727 723 2791 διασκεδασθεῖσαι
735 2724 833 2812 χερσί,
866 2723 959 2789 ταῦτ’
978 2721 1149 2808 άκουόμενα
1165 2735 1231 2801 τοῖς
1242 2723 1278 2790 ’ἐν

184 2823 302 2910 κώμαις
320 2829 371 2894 καλ
384 2823 490 2896 πόλεσι
504 2829 555 2897 καλ
567 2824 704 2914 μάλιστα
717 2834 761 2922 spi
779 2831 836 2894 τοῦ
850 2823 999 2895 δεσπόσω
1017 2831 1142 2923 στρατῷ
1157 2825 1214 2896 oris
1229 2825 1305 2894 είαΒ

253 2983 454 3061 nunu

181 3125 396 3194 interclusionis,
415 3143 511 3184 omnem
526 3127 662 3183 exereitum
684 3127 837 3200 probibente
848 3125 948 3186 nemine
959 3125 1081 3184 traduxit.
1115 3125 1177 3199 (V.)
1193 3129 1292 3200 Inspe-¹

183 3205 255 3252 rator
267 3205 350 3254 sutem
364 3197 523 3268 cogitatione
538 3199 577 3250 bie
591 3197 711 3252 derebus
723 3205 858 3268 suscepte,
875 3215 932 3252 euru
956 3216 985 3252 ss
997 3200 1024 3251 in
1039 3203 1136 3252 erctum
1147 3199 1205 3268 cogi
1218 3215 1276 3251 oer-

183 3274 271 3331 neret,
288 3267 501 3320 Protostrstorem
521 3267 696 3338 spondeum,
713 3267 834 3321 Thraciis
854 3267 1011 3321 exercitibus
1033 3267 1116 3330 detis,
1135 3268 1168 3320 sd
1190 3273 1277 3319 euno·
1309 3297 1312 3306 ι

184 3336 290 3388 silendos
301 3336 404 3406 Imperii
417 3337 456 3388 sui
469 3337 551 3402 lines,
566 3337 711 3406 quiverunt
724 3335 874 3407 Byzantium
883 3343 1045 3406 specturent,
1061 3343 1088 3388 et
1103 3335 1136 3388 εδ
1150 3336 1277 3405 Syrgisn·

183 3403 354 3527 initii?
355 3406 636 3529 'utillime
637 3406 713 3528 lim
723 3405 790 3528 lli
799 3423 871 3527 1⁹¹⁰„
887 3406 958 3527 'll'
965 3405 1276 3527 lillilfflrltllb

184 3541 271 3622 edipta
282 3541 389 3611 plurimu
406 3491 558 3596 sealinunter
575 3493 702 3597 eonslribi
717 3543 806 3608 iussit,
820 3493 915 3614 lplsibgrls
928 3541 1089 3596 iureiurando
1102 3490 1215 3593 enncilne
1229 3559 1276 3611 pe·

184 3626 314 3662 cuntorum
333 3611 527 3681 pollicitationes
545 3613 753 3666 continebunturs
770 3612 831 3666 item
844 3611 1028 3683 possessionum
1041 3612 1200 3663 othonorum
1212 3627 1275 3662 eou-

184 3678 338 3732 venieutiuru
356 3680 547 3735 distributiones
566 3683 772 3758 proponebantur
788 3682 837 3745 iis,
854 3681 1047 3751 quiDespotsur
1068 3675 1277 3747 comprehensuri
1302 3703 1308 3708 ·

184 3755 285 3800 essenos
303 3763 384 3818 euque
397 3750 615 3818 praetereuntibus
651 3751 738 3805 lebeiis
753 3751 893 3804 bominibus
905 3749 990 3812 dedit,
1007 3757 1037 3801 ut
1050 3747 1190 3800 sbiioerent
1203 3747 1275 3800 etde
1298 3781 1300 3788 ·

182 3815 477 3898 industrisspsrgerent,
490 3837 547 3872 oum
559 3820 629 3872 iuxts
661 3829 765 3904 espotue
776 3827 870 3884 eum,
885 3831 938 3871 tum
950 3817 1042 3888 passim
1057 3817 1083 3869 in
1095 3817 1154 3869 riis.
1172 3817 1275 3869 Deinde

183 3885 279 3938 obituro
301 3903 342 3938 ενι
363 3886 524 3954 imperatoris
547 3889 698 3972 ppoclsrnsrr
720 3889 810 3953 iussit,
826 3889 871 3958 qui
889 3887 1051 3954 sByusntiis
1064 3901 1111 3954 per
1123 3885 1275 3938 seditionem

184 3953 285 4006 occisus
303 3963 385 4006 esset=
408 3955 484 4025 idque
505 3957 645 4010 huiusmodi
665 3965 859 4012 commentorum
877 3955 989 4009 artifices
1009 3954 1102 4024 ubique
1124 3954 1276 4022 vulgarunts

183 4021 300 4106 plerique
320 4023 396 4076 etiarn
415 4024 577 4078 iureiurando
595 4027 697 4090 addito,
721 4045 749 4080 se
769 4025 918 4079 interfuisse
936 4032 964 4078 et
985 4025 1038 4076 suis
1057 4023 1136 4076 oculis
1157 4024 1275 4074 acerbum

183 4091 253 4144 ullius
274 4093 403 4146 interitum
422 4095 526 4147 vidisse.
560 4095 598 4147 Et
616 4103 645 4148 ut
665 4113 718 4148 reru
735 4096 928 4157 confirmarent,
945 4093 1016 4146 sibor
1030 4091 1095 4161 pilos
1107 4089 1276 4144 ostendebant

184 4161 296 4214 slbsrurn
308 4163 407 4225 ovium,
425 4165 497 4231 qussi
514 4181 529 4214 e
547 4165 631 4234 sepite
644 4171 671 4217 et
685 4173 766 4218 rnento
779 4163 888 4216 senioris
898 4161 1061 4234 lruperstoris
1073 4159 1144 4228 vulgi
1159 4159 1275 4210 munibus

184 4229 267 4282 evulsi
286 4237 373 4284 essent
394 4239 421 4284 et
440 4232 567 4301 dissipati.
602 4233 677 4296 Quos
695 4251 749 4286 cunr
767 4233 794 4286 in
808 4232 882 4303 pugio
896 4239 922 4284 et
937 4229 1043 4283 urbibus
1056 4233 1134 4296 utque
1145 4225 1171 4278 in
1185 4225 1275 4294 prirnis

183 4297 212 4352 in
220 4297 351 4372 Despotse
364 4298 479 4355 exercitu
493 4299 651 4368 multentur,
667 4303 764 4357 animos
775 4301 901 4357 hominum
913 4298 993 4354 seriis
1003 4295 1203 4370 cogitetiouibus
1220 4293 1274 4347 dir-
