2998 4872
367 337 603 414 Mcutflom
625 343 863 417 GREGORAE
882 347 1002 422 Vl'l'b.
1157 362 1246 414 ms

146 497 416 561 ucncrnlleeenb.
431 499 481 562 dia
494 518 564 564 ern.
573 502 770 584 inparvigilio
779 505 988 588 conceptionis
1000 507 1035 570 Β.
1041 505 1174 590 V'u'ginis
1189 511 1245 576 Dei

144 586 270 663 matris,
296 605 368 646 man
385 585 420 646 in
437 585 554 648 (iborae
574 590 749 652 monasterii
774 591 875 652 aedem
899 611 1005 673 magns
1021 603 1052 656 et
1074 596 1246 676 promiscua

143 670 307 732 bominum
331 671 429 732 turba·
445 673 651 752 eonvenissst,
672 675 777 736 eodem
795 693 865 738 cuns
886 679 1010 740 cadens
1027 679 1149 761 irrepsit
1166 682 1246 761 tgn-

145 755 326 836 thangalns,
349 756 498 837 Gregnrae
512 759 666 839 quondan
689 759 874 841 discipulam
895 781 932 822 ac
948 763 1068 826 circiter
1080 767 1245 829 secundans

146 843 248 902 noetis
272 841 406 922 vigiliam
431 843 465 904 in
489 843 622 924 magistri
645 844 819 907 cubiculum
842 867 904 928 per¹
919 849 1079 910 imssbam
1101 851 1246 916 admissus

144 935 202 990 ut
238 926 334 1006 Aegre
345 928 383 987 ab
392 928 447 988 illo
461 930 587 1008 agnitus,
609 939 768 1012 propterea
781 934 863 1012 qnod
877 933 964 993 annis
984 934 1085 996 decern
1102 936 1174 997 totis
1191 957 1247 1018 pa·

147 1011 210 1072 tria
222 1013 375 1084 abfuerat,
398 1023 468 1094 post
483 1015 591 1076 sanicss
609 1017 692 1076 ultro
706 1017 840 1097 citroque
850 1018 1045 1080 allocutiones
1057 1020 1186 1101 primum
1197 1041 1246 1084 res

147 1095 231 1156 inter
253 1099 504 1178 peregrinandum
521 1101 600 1162 vises
618 1102 669 1162 vel
692 1103 825 1180 auditas,
847 1103 955 1164 deinde
971 1113 1002 1164 et
1017 1124 1066 1181 es,
1087 1125 1164 1184 quas
1175 1116 1247 1188 post

146 1201 238 1242 aurun
252 1183 288 1242 in
298 1184 411 1244 Urbem
423 1185 555 1246 reditum
569 1185 608 1246 ad
622 1187 782 1266 Gregoram
794 1189 974 1268 pertinentia
986 1187 1139 1260 didicerat
1161 1211 1246 1252 sum·

145 1269 254 1328 nntim
265 1269 415 1350 exposuit.
456 1271 533 1332 Turn
545 1290 579 1332 ea
593 1271 659 1352 ipse
668 1281 760 1334 noete
773 1274 911 1334 nondnns
920 1275 1020 1356 elapsa
1034 1273 1171 1334 dimissus
1186 1276 1247 1336 do-

144 1373 233 1412 mum
249 1353 333 1413 abiit.
373 1354 457 1416 ldans
470 1365 556 1418 serto
566 1366 637 1438 post
651 1377 751 1421 mense
762 1359 819 1419 sub
834 1359 948 1419 exitum
975 1359 1055 1421 raris
1069 1359 1247 1438 reversus1)

149 1457 203 1498 res
222 1438 306 1498 dorni
318 1459 355 1500 ec
365 1440 492 1501 militiae
504 1442 656 1522 superiore
670 1463 748 1503 anno
762 1453 857 1522 gestas
868 1444 1012 1504 narravit.
1053 1443 1100 1504 lta
1115 1465 1171 1525 per
1185 1454 1247 1506 tres

146 1543 245 1583 annas
263 1524 469 1586 interrisendo
485 1527 600 1603 effecit,
621 1545 660 1588 ne
678 1527 828 1588 inclusum
846 1530 1005 1610 quicquam
1022 1528 1131 1590 lateret
1143 1547 1247 1590 earum

144 1627 265 1686 mom,
288 1629 362 1688 quas
382 1611 458 1670 scire
482 1613 544 1672 eins
564 1611 728 1674 interesset.
770 1614 817 1674 Ex
831 1612 881 1674 his
892 1613 1085 1693 Agatbsngeli
1099 1611 1247 1676 narratio-

146 1693 239 1754 nibus
263 1693 408 1773 Gregorss
430 1695 525 1756 libros
546 1697 678 1777 quinque
695 1697 854 1760 historicos
879 1698 993 1775 texuit,
1016 1698 1157 1760 continua
1178 1719 1247 1760 οη·

145 1778 247 1838 tionis
266 1779 341 1838 anie
361 1779 394 1839 in
419 1779 572 1860 dialogum
593 1791 724 1859 mutata3
746 1803 781 1844 so
803 1783 918 1844 scilicet
932 1783 1075 1861 consilio,
1096 1793 1132 1844 nt
1147 1793 1250 1865 posset

149 1863 277 1922 alterins
292 1863 391 1924 verbio
415 1873 480 1926 tum
501 1867 687 1928 adversarios
708 1887 833 1947 arguere
850 1869 990 1945 liberius,
1011 1877 1076 1930 nrm
1092 1889 1124 1930 se
1146 1870 1249 1950 ipsum

148 1947 268 2008 minore
284 1947 399 2009 invidia
413 1950 554 2028 laudare,
575 1953 629 2012 ubi
648 1973 696 2013 res
709 1955 891 2033 postulareta
914 1954 948 2013 id
959 1953 1041 2033 quod
1055 1953 1167 2033 tlioqni
1181 1963 1248 2014 tur·

146 2052 190 2115 pe
212 2041 243 2092 et
255 2033 448 2112 indecorum,
470 2037 596 2098 fortasse
619 2037 672 2096 isti
692 2039 923 2099 condonandum
935 2047 997 2114 est,
1019 2041 1163 2119 optimam
1176 2055 1248 2098 ceu·

147 2139 213 2177 sam
225 2117 414 2196 defendenti,
437 2129 553 2182 etcum
574 2120 733 2184 haereticis
750 2123 925 2186 decertsnti.
968 2122 1044 2184 tfihi
1064 2125 1182 2202 quidem
1196 2143 1247 2182 ve·

145 2202 275 2264 sisimile
293 2202 348 2281 fit,
370 2213 467 2265 totum
486 2206 566 2266 illud
575 2206 768 2286 Agathangeli
781 2208 906 2268 subinde
925 2207 1024 2268 euntis
1039 2207 1249 2287 redeuntisqne

145 2288 320 2369 episodintn
341 2289 504 2350 confictum
524 2311 589 2352 esse
612 2292 648 2350 ab
670 2291 815 2352 historico
827 2311 862 2354 ea
877 2292 1016 2368 licentia,
1038 2312 1098 2372 qua
1111 2291 1249 2373 pbiloso-

146 2371 205 2455 phi
218 2382 249 2434 at
264 2381 399 2434 oratores
420 2375 556 2456 plerique
567 2377 601 2438 in
613 2377 739 2456 dialogis
750 2379 795 2438 uti
809 2379 921 2438 solante
942 2395 1121 2456 quamquam
1133 2376 1194 2438 boc
1205 2397 1251 2436 sa-

147 2457 191 2518 tis
214 2467 353 2536 constat,
374 2459 511 2522 floruisse
531 2461 586 2522 illo
612 2483 686 2524 aevo
707 2463 853 2540 quendam
866 2462 988 2522 nomine
1006 2462 1250 2540 dgstbsngelnm,

145 2544 205 2624 qui
224 2553 255 2605 et
275 2543 419 2606 adrasus
432 2546 595 2626 Gregorann
611 2547 724 2608 librum
736 2567 794 2628 pro
813 2547 975 2610 Aristotele
989 2547 1208 2629 apologeticum
1220 2545 1250 2625 ²)

145 2629 210 2690 scri
281 2629 314 2692 't

209 2649 357 2776 ¹„lwblillo
375 2723 528 2797 ternpore,
549 2735 607 2796 quo
625 2717 737 2776 Tonans
759 2715 951 2778 Palamiticns
972 2717 1179 2798 promulgatus
1194 2723 1249 2794 est,

146 2798 190 2860 sd
210 2799 299 2860 illuns
311 2799 409 2878 diem,
429 2821 490 2880 quo
513 2801 640 2862 Ioannes
648 2801 853 2879 Palaeologns‚
871 2803 1049 2882 Byzantium
1062 2810 1186 2881 repente
1197 2801 1250 2860 in-

148 2903 287 2964 genuus,
309 2905 457 2946 summam
481 2895 660 2966 patestatem
677 2886 807 2966 recepit,
832 2887 979 2964 Gregorss
1000 2886 1089 2946 domo
1105 2894 1250 2963 tanquam

150 2989 274 3030 caraem
285 2971 421 3032 inclusus
435 2971 531 3032 multa
541 2971 733 3034 incommoda
746 2970 880 3050 pertulit.
908 2971 977 3051 lpse
988 2969 1027 3028 ad
1038 2987 1102 3030 eam
1115 2969 1249 3050 inopiam

148 3053 310 3115 redactum
324 3077 355 3116 sa
374 3055 528 3136 queritur,
548 3066 585 3116 ut
607 3076 676 3116 cum
696 3055 802 3115 hiemis
823 3056 919 3134 frigus
942 3054 1145 3116 acutissimum
1163 3063 1250 3132 esset,

146 3139 268 3219 gelidae
285 3159 378 3220 squas
399 3141 509 3222 pocula
528 3142 614 3202 aliter
634 3141 800 3220 tepefacere
824 3139 906 3200 baud
928 3140 1079 3220 potuerit,
1099 3139 1159 3198 nisi
1177 3139 1251 3199 solis

147 3223 246 3287 radiis
268 3246 327 3306 per
344 3227 503 3288 fenestram
519 3227 552 3286 in
569 3225 741 3287 cubiculum
756 3224 936 3284 intromissis
952 3223 990 3304 ⁸).
1032 3223 1115 3283 ldesn
1133 3241 1252 3282 memo·

148 3319 219 3386 rat,
241 3329 349 3391 squam
368 3331 400 3372 se
422 3331 461 3372 ex
474 3321 564 3393 puteo
580 3320 716 3372 coactum
735 3309 859 3372 haurire
873 3309 912 3370 ad
925 3327 1032 3368 saxum
1045 3306 1253 3366 noctuoffen-

149 3395 247 3473 disse,
269 3405 360 3476 atque
377 3395 452 3456 binc
465 3397 569 3458 multis
583 3397 687 3474 dicbus
700 3395 777 3476 pede
789 3402 959 3474 aegrotante
971 3411 1090 3453 necesse
1106 3389 1164 3452 sibi
1175 3391 1253 3452 fuis-

148 3476 1253 3646 tttffil⁵⁸²fflvtltt³⁶ttttttntlitltzlzltllltfft

150 3649 195 3710 ris
208 3651 321 3710 sanctis
329 3695 339 3728 ‚
356 3587 796 3732 1alil?persesmtionisrnetuin
811 3649 968 3730 speluncas
985 3657 1015 3708 et
1031 3649 1063 3708 in
1075 3645 1253 3708 solitudines

149 3735 316 3812 fugissent,
337 3737 517 3818 permissum
537 3737 610 3797 olim
629 3737 704 3814 fuit,
725 3735 778 3796 ubi
792 3735 930 3796 ucerdcs
944 3733 1076 3809 abesset,
1097 3749 1254 3792 wtrossn-

151 3829 237 3880 ctum
260 3819 373 3882 Christi
394 3841 504 3903 corpus
525 3821 658 3902 propriis
681 3821 817 3882 manibus
838 3839 955 3880 sumere
968 3827 999 3878 et
1013 3818 1059 3879 ori
1078 3835 1132 3878 suo
1147 3817 1254 3876 admo-

150 3925 233 3967 vere.
274 3905 401 3967 Illorum
423 3907 559 3989 exemplo
577 3908 739 3986 Gregoras,
761 3925 830 3966 cum
857 3903 945 3964 aliter
963 3923 1027 3963 non
1042 3901 1161 3978 liceret,
1183 3919 1256 3981 pro·

150 3999 255 4070 pterea
277 3991 360 4070 quod
377 3993 481 4054 nullus
503 3993 542 4054 sd
554 4011 623 4052 eum
645 3991 735 4052 domo
753 3991 904 4050 inclusum
915 3987 1054 4050 sacerdos
1066 3984 1255 4047 orthodoxus

152 4075 298 4135 accedere
320 4077 465 4158 audebat,
487 4077 693 4138 Eucharistiae
713 4085 933 4137 sacramentum
953 4073 1011 4134 sibi
1031 4072 1092 4154 ipsi
1112 4069 1254 4152 privatim

190 4273 421 4342 nunonem
490 4280 523 4347 2)
544 4275 686 4332 naraon
704 4258 731 4328 ln
747 4275 874 4344 cnutogo
885 4271 1062 4330 erroneos
1077 4265 1257 4326 οωοοοιοι.

223 4343 255 4412 8)
271 4345 341 4398 flia.
356 4345 400 4398 lib.
416 4363 512 4402 sarni.
581 4343 613 4414 4)
633 4345 702 4400 llist.
721 4345 762 4398 lib.
779 4359 864 4398 rxvn.
