2998 4872
361 331 599 402 NICEPHORI
620 329 858 401 GREGORAE
880 332 997 402 VlTA.
1160 344 1228 394 xxv

127 511 213 553 mum
236 490 374 572 quotidie
398 489 631 568 conveniebant,
659 489 712 550 sed
736 500 767 550 et
788 499 1008 552 consummatae
1031 491 1183 554 doctrinae
1200 491 1227 576 ¹)

126 575 322 658 philosophi,
346 577 524 652 astronomi,
546 575 695 649 rhetores,
716 575 826 655 aliique
845 577 947 637 aetatis
964 589 1123 658 provectae
1141 580 1228 640 litte-

124 662 204 737 rati,
227 663 462 740 quos'videlicet
484 663 632 741 Gregorae
665 661 793 720 eruditio
817 663 972 741 omnigena
993 673 1024 723 et
1048 665 1228 746 supellectili

125 747 336 808 mathematica
354 747 536 826 librariaqua
563 745 872 828 assuetissimum)
901 767 1037 810 museum
1066 751 1225 812 undecun-

127 852 189 914 que
201 834 317 893 excitos
334 833 516 894 alliciebant.

212 967 329 1028 interea
351 967 424 1028 obiit
440 966 466 1047 Β)
496 967 595 1030 senior
613 967 818 1042 Andronicus,
847 975 974 1050 utroque
997 969 1085 1030 oculo
1110 979 1225 1052 captus,

126 1053 307 1129 cucullatus,
322 1063 352 1112 et
366 1054 404 1113 ad
418 1075 560 1114 summam
572 1055 710 1116 redactus
723 1056 856 1115 omnium
867 1076 967 1115 rarum
980 1055 1121 1135 inopiam.
1151 1057 1226 1116 Gre-

125 1157 231 1214 goras,
255 1139 307 1218 qui
319 1138 407 1198 illum
424 1139 557 1200 coluerat
568 1141 796 1220 Imperatorem,
818 1141 913 1200 eidem
925 1142 1060 1222 privato,
1082 1161 1117 1198 ac
1137 1141 1226 1200 etiam

124 1221 287 1299 monacho,
311 1223 445 1284 assidam
459 1225 627 1287 consolator
640 1225 736 1302 affuit,
759 1227 804 1285 sic
818 1235 854 1286 ut
869 1246 936 1295 eum
953 1227 1042 1286 tertia
1057 1235 1227 1304 autquarta

124 1327 247 1388 quaque
260 1309 308 1368 die
321 1309 472 1370 inviseret.
514 1311 617 1390 Itaque
636 1332 670 1371 eo
684 1311 750 1391 ipso
767 1331 904 1392 vespere,
927 1309 977 1388 qui
994 1309 1076 1369 illius
1095 1321 1227 1378 ‚mortem

123 1395 294 1468 antecessit,
306 1415 376 1454 cum
384 1395 438 1454 illo
446 1395 632 1456 familiariter
641 1397 832 1475 colloquutus
840 1405 891 1456 est.
914 1396 1114 1455 Consueverat
1126 1405 1227 1456 autem

122 1477 151 1537 is
169 1479 303 1538 eruditos
321 1488 350 1539 et
366 1499 470 1558 graves
489 1501 557 1541 cum
571 1481 704 1562 Gregora
719 1501 867 1541 sermones
882 1479 1006 1557 habere,
1029 1481 1156 1566 quadarn
1168 1501 1225 1540 ur-

122 1563 257 1624 banitate
272 1573 302 1623 et
317 1565 412 1642 gratia
430 1575 618 1647 temperatos.
660 1565 785 1626 Ultimus
804 1585 900 1626 sermo
914 1566 995 1626 ultra
1015 1566 1143 1626 mediani
1164 1587 1225 1624 no-

124 1657 205 1708 ctem
226 1649 407 1730 productus,
431 1649 471 1708 ad
492 1651 624 1730 primum
648 1671 741 1730 usque
761 1651 831 1729 galli
851 1659 981 1710 cantum.
1022 1652 1164 1728 Remum,
1184 1650 1224 1712 iis

123 1735 181 1812 qui
197 1735 321 1794 aderant
338 1735 478 1812 dimissis,
501 1757 592 1795 senex
605 1737 704 1795 subito
719 1737 823 1796 morbo
841 1745 1005 1816 correptus,
1028 1746 1095 1795 ante
1108 1738 1224 1797 exitum

122 1819 228 1878 noctis
241 1819 411 1900 exspiravit.
456 1821 600 1900 Gregoras
615 1821 708 1880 altero
723 1823 824 1881 luctus
840 1821 897 1897 die,
920 1821 1078 1880 Cralaenae
1097 1821 1223 1882 hortatu

125 1901 206 1986 (erat
220 1903 291 1964 haec
304 1905 415 1965 mortui
424 1906 571 1986 Principis
587 1907 667 1982 filia,
690 1915 719 1964 et
738 1906 892 1965 funebrem
911 1927 1051 1986 pompam
1072 1903 1221 1984 ducebat),

123 1989 297 2049 monodiam
312 2011 350 2050 ex
362 2001 496 2072 tempore
508 1991 646 2051 recitavit
658 1989 697 2072 4).
741 1991 873 2069 Triginta
883 1991 987 2050 diebus
1003 2011 1041 2050 ex
1055 2013 1089 2052 co
1103 1992 1221 2072 elapsis,

122 2074 250 2135 decessit
265 2075 295 2154 ὅ)
318 2085 347 2134 ct
370 2097 491 2156 magnus
511 2075 675 2156 Logotheta
698 2075 886 2151 Metochites,
915 2081 977 2136 norl
999 2075 1041 2135 ita
1062 2078 1178 2156 pridem
1193 2074 1221 2156 6)

122 2161 161 2220 ab
178 2161 271 2219 exilio
282 2181 435 2238 reversus,
458 2171 487 2220 ct
499 2161 681 2221 monachum
696 2171 809 2220 mutato
822 2160 929 2222 habitu
940 2162 973 2220 in
988 2161 1100 2222 Chorus
1113 2183 1222 2222 mona·
1272 2201 1278 2206 -

121 2245 215 2305 sterio
226 2245 388 2305 novissime
401 2247 560 2326 professus.
603 2247 675 2306 Eius
690 2268 810 2326 quoque
823 2256 949 2306 mortem
965 2247 1130 2324 Gregoras,
1151 2267 1221 2306 mo-

121 2331 214 2390 nodia
225 2331 347 2411 publice
368 2332 504 2404 recitata,
526 2333 704 2392 lamentatus
723 2341 781 2408 cst,
805 2353 863 2412 qua
884 2331 1001 2408 audita,
1023 2352 1223 2410 magnoaco-

120 2427 283 2496 gnatorum
298 2417 396 2476 luctus
410 2426 439 2476 et
449 2416 624 2478 miserabilis
639 2417 834 2496 comploratio
850 2417 958 2480 extitit.
1003 2417 1144 2477 Extincto
1160 2415 1220 2475 An.

119 2501 267 2578 (ironico,
289 2500 437 2560 iuniorem
454 2503 599 2562 demereri
612 2513 641 2560 et
655 2501 760 2560 iisdem
774 2502 880 2582 quibus
897 2504 982 2561 autea
1007 2521 1095 2561 aviam
1113 2501 1223 2562 officiis

117 2586 286 2668 iisdemque
294 2587 405 2645 artibus
415 2587 573 2648 coriciliare
590 2587 646 2646 sibi
655 2587 790 2646 studuit:
807 2587 960 2666 neolongo
969 2597 1039 2666 post
1050 2587 1129 2666 apud
1144 2607 1222 2661 eum,

117 2673 226 2732 rustris
239 2681 338 2732 morte
354 2670 506 2749 afflictum,
529 2671 691 2732 orationem
704 2673 933 2732 consolatoriam
946 2671 1051 2732 habuit
1064 2671 1103 2754 ⁷).
1139 2673 1222 2731 Eun·

118 2757 207 2834 dem,
230 2777 300 2816 cum
315 2755 473 2816 haberetur
490 2757 621 2838 quaestio
645 2757 682 2817 de
699 2758 878 2832 coniuratis,
908 2757 1171 2816 acclamationibus
1191 2765 1223 2816 et

115 2841 271 2923 applausu
292 2841 444 2920 delinivit,
467 2863 503 2901 ac
518 2863 557 2904 ne
578 2842 611 2902 in
630 2843 813 2903 Demetrium
827 2843 987 2922 Daspotam
1006 2841 1223 2921 inquireretur,

112 2949 178 3012 pro
193 2926 277 2988 virili
291 2925 398 2986 effecit.

207 3060 316 3122 Fuerat
334 3060 435 3122 senior
447 3060 639 3124 Andronicus
661 3063 698 3123 ab
721 3063 846 3124 ecclesis
860 3063 992 3122 Romana
1014 3061 1221 3122 alienissimus.

113 3149 240 3211 Patrem
252 3145 426 3206 mensalem
434 3193 443 3224 ,
466 3149 548 3227 quod
563 3149 735 3209 Latinorum
749 3149 854 3227 dogma
868 3149 1068 3233 approbasset,
1089 3147 1144 3208 vix
1157 3146 1219 3206 hu-

113 3231 198 3294 mari
205 3252 311 3312 passus
320 3232 433 3292 fuerat:
447 3233 481 3292 in
493 3242 624 3294 caeteros
637 3229 872 3314 Λατινόφρονας
886 3252 986 3292 severe
1000 3232 1221 3290 animadverte-

111 3327 177 3380 rat.
219 3317 325 3397 Itaque
338 3317 480 3396 quamdiu
494 3319 583 3397 vixit,
606 3319 643 3380 de
659 3319 872 3399 componendis
897 3317 1087 3378 ecclesiarum
1102 3317 1220 3376 discor-

112 3403 178 3464 diis
191 3423 280 3462 uemo
297 3422 382 3480 agere
395 3423 485 3462 ausus
500 3413 553 3463 est.
597 3407 668 3465 Post
688 3407 750 3465 eius
768 3413 894 3464 mortam
912 3423 960 3462 res
979 3403 1078 3464 denuo
1097 3411 1220 3462 tentata.

112 3487 210 3550 enno
232 3485 347 3548 Christi
367 3508 557 3553 nocuum.
572 3487 599 3570 8)
621 3491 766 3551 antistites
791 3491 849 3550 duo
863 3488 977 3567 Latini,
1001 3487 1179 3548 Franciscus
1191 3485 1220 3567 9)

154 3702 579 3844 ”dlllltllltllbfih
589 3709 724 3846 3134...
737 3705 856 3838 illl?
869 3706 995 3844 tetta
1004 3724 1154 3844 satra,
1167 3723 1221 3842 a:

190 3839 276 3898 odola
291 3842 368 3913 φέφει
381 3847 432 3914 τῆς
442 3842 605 3914 ἐπιστήμης·
624 3848 750 3916 σφαιρῶν
766 3841 797 3900 di
818 3842 965 3913 ἐμπίπλησι
977 3843 1028 3912 τὴν
1047 3845 1154 3907 οἰκίαν,
1172 3843 1220 3897 καί

187 3911 286 3966 πάντα
307 3915 420 3986 βιβλίων
439 3913 470 3983 γε’
503 3935 515 3968 ι
531 3916 579 3968 καί
599 3913 831 3986 διαγραμμάτων,
853 3913 901 3968 καὶ
915 3915 1069 3980 σκίμποδας
1088 3913 1135 3966 καί
1152 3911 1220 3976 cosle

189 3977 317 4050 ὀρόφους
329 3979 447 4051 prosarie
494 3984 627 4038 ιδείιινυσι
644 3989 753 4054 σοφίας.
783 3981 848 4036 eod
865 3999 921 4050 rag.
938 3985 1015 4038 2965.
1088 3983 1120 4050 3)
1137 3985 1169 4035 Α.
1186 3983 1219 4034 0·

189 4067 349 4107 ccccxxxii.
367 4069 463 4106 menses
477 4053 602 4106 Februar.
644 4055 715 4108 Hist.
739 4053 784 4106 lib.
806 4067 843 4106 rx.
870 4067 894 4103 c.
921 4052 966 4103 ult.
981 4057 1009 4105 et
1030 4050 1073 4104 lib.
1096 4069 1122 4106 x.
1149 4069 1172 4106 c.
1194 4051 1220 4103 1.

188 4116 222 4187 4)
241 4119 310 4172 ttist.
328 4121 373 4176 lib.
391 4139 419 4174 x.
437 4139 460 4176 c.
475 4125 499 4177 1.
567 4124 599 4191 5)
615 4121 706 4176 Martii
725 4121 767 4174 die
786 4122 826 4174 15.
884 4119 1125 4186 mittendorum.
1153 4119 1221 4172 Nam

185 4189 215 4240 in
242 4187 344 4257 dialogo
376 4191 439 4258 περί
464 4191 565 4260 σοφίας
593 4191 688 4246 dicittu
715 4189 760 4245 ἐπί
784 4191 867 4243 δυοῖν
888 4187 1136 4257 ἐξοστρακισθῆναι
1159 4191 1222 4240 τοῖν

187 4255 349 4314 ἐνιαυτοῖν·
366 4257 460 4316 ἔπειτα
478 4259 761 4328 exaestuaremus,
781 4257 829 4312 καί
847 4257 945 4328 μικρὸν
961 4255 1222 4326 inidiotis-retecti·

187 4345 247 4383 sus·
315 4329 401 4398 7)Α.
421 4331 453 4384 C.
474 4346 639 4388 socorsum.
711 4331 742 4398 8)
766 4337 882 4383 excunte.
950 4328 982 4395 9)
1002 4329 1042 4383 De
1060 4324 1203 4380 Camerino.
