3038 4864
262 328 287 382 c
525 311 639 389 tttEPs
660 313 822 390 Wotttt
843 315 1105 389 PRAEFATIO,

168 464 170 472 ’
263 475 348 540 dium
370 473 517 558 redegisse
531 476 752 555 cognovissem
774 492 814 538 cx
825 471 998 554 Augustam
1011 474 1192 540 bibliothece
1205 475 1284 540 illud
1292 497 1376 560 opus

259 587 420 660 acceptum
447 579 576 660 perlegis
599 587 630 642 st
655 598 732 658 quae
761 597 825 638 non
851 577 972 642 inutilis
991 578 1194 658 ¹videbantur,
1227 593 1374 666 sumpts

264 681 413 760 Gregorae
426 681 536 745 adieci:
558 700 613 760 ue,
635 680 735 762 quoad
747 699 865 762 possem
878 690 909 744 et
920 681 1040 758 liceret,
1061 681 1213 746 votunuti
1228 691 1298 742 tuse
1321 693 1374 744 st·

264 804 323 866 qne
341 782 442 850 officio
461 803 527 844 meo
545 783 686 846 deessem.
726 781 773 844 Ac
787 782 876 864 plura
892 802 962 844 sane
976 783 1175 864 collegissem,
1196 784 1256 846 nisi
1272 785 1299 845 is
1315 804 1373 846 co-

264 887 324 950 dex
333 895 363 946 et
373 885 524 967 principio
538 885 634 946 etline
645 883 781 960 mutilus,
794 884 827 944 in
835 884 934 946 medio
942 885 1032 946 etism
1040 885 1156 968 aliquot
1167 885 1248 948 foliis
1257 889 1371 968 pertint

262 987 400 1062 exsectis,
408 987 520 1068 partim
533 987 657 1048 marinis
670 986 814 1047 fluctibus
823 983 871 1068 (ut
882 986 1002 1070 opinor)
1014 988 1197 1068 madefactis,
1213 997 1245 1049 et
1257 989 1371 1052 titteris

262 1098 411 1152 vetustate
422 1091 666 1168 exolescentibus,
682 1089 780 1150 studio
792 1093 858 1150 inec
870 1098 901 1150 et
915 1090 1013 1150 oculis
1021 1091 1163 1152 diuturna
1175 1091 1238 1152 iere
1253 1099 1283 1150 et
1297 1111 1372 1172 psa-

261 1203 353 1276 petua
371 1191 499 1252 lectione
518 1213 554 1252 ac
570 1191 735 1274 scriptione
751 1191 835 1252 sessis
850 1199 881 1250 et
895 1190 1040 1252 hebetatis
1055 1191 1247 1254 vehementer
1263 1193 1372 1254 sdver-

262 1305 344 1358 eatus
356 1305 443 1373 essct,
457 1305 543 1376 atque
554 1294 814 1359 incommodasset
837 1293 1107 1375 Chslccco'udplem
1121 1303 1221 1356 sutem
1236 1313 1308 1354 suus
1320 1293 1372 1352 in-

262 1406 388 1479 terpres,
410 1418 469 1478 qua
484 1407 529 1458 est
542 1397 680 1460 doctrina
694 1406 724 1456 ct
740 1395 920 1476 eloquentis,
935 1397 977 1458 ita
989 1393 1233 1474 'commendabis
1254 1405 1290 1456 ut
1310 1395 1371 1456 mi-

262 1499 296 1561 hi
310 1500 383 1561 satis
394 1520 477 1560 nunc
491 1519 553 1560 cssc
566 1500 688 1579 debeat,
710 1498 736 1558 si
750 1499 867 1560 labores
887 1498 921 1560 hi
944 1497 1004 1560 mei
1018 1497 1163 1578 sequimi
1181 1507 1212 1558 et
1233 1497 1372 1560 liberali-

263 1604 320 1663 tati
336 1612 406 1662 tusc
426 1601 626 1662 commendati
643 1601 775 1678 luerint,
801 1609 832 1660 et
852 1600 981 1682 probati.
1021 1601 1173 1680 tugusns
1193 1601 1372 1662 Vindelico-

264 1725 344 1782 rum,
360 1704 505 1786 postridie
522 1704 583 1763 Cal.
599 1701 742 1779 Ianuarii,
762 1701 835 1760 anni
848 1701 993 1764 deluisti
1007 1703 1169 1764 servatoris
1183 1703 1373 1764 humanitate

264 1829 373 1870 smsrx.
390 1805 548 1888 quam'tibi
564 1805 682 1886 tuisque
703 1813 733 1864 et
749 1805 808 1866 toti
825 1805 891 1866 orbi
907 1815 1056 1866 terrarum
1076 1815 1230 1886 pacatum,
1251 1807 1372 1868 felicem

265 1930 301 1969 sc
314 1911 460 1986 faustum,
484 1929 522 1969 ex
536 1909 636 1968 animo
646 1925 764 1988 precor.
807 1909 895 1968 Fuit
909 1909 985 1968 Deus
1000 1907 1071 1988 Opt.
1089 1907 1180 1985 Max,
1201 1915 1238 1968 ut
1257 1905 1371 1968 Faetus·

264 2033 357 2072 nsnnr
370 2012 462 2093 primi
475 2010 617 2091 Augusti,
637 2009 832 2090 Imperatoris
847 2029 884 2071 ec
896 2010 1011 2072 domini
1030 2011 1125 2070 nostri
1139 2007 1371 2084 clementissimi,

264 2115 297 2175 in
313 2115 418 2176 urbem
435 2113 531 2191 hanc,
555 2115 592 2174 cb
615 2112 802 2193 gravissimas
824 2111 997 2194 delmperii
1020 2111 1108 2172 rebus
1132 2109 1369 2186 deliberationes,

261 2217 412 2296 ingressus
428 2217 496 2301 (sub
510 2219 543 2277 id
555 2227 671 2297 tempus
694 2235 753 2294 que
770 2214 869 2294 pacis,
890 2215 1069 2276 concordiae
1089 2224 1118 2274 et
1140 2213 1239 2274 mutui
1259 2211 1372 2274 unctis

262 2319 370 2380 doctor
379 2329 410 2380 et
421 2319 594 2401 exemplum
606 2320 754 2378 Cnntsrus
769 2316 864 2394 lesus,
876 2318 1134 2400 proptcrsslutcm
1145 2315 1372 2395 humanigcuc-

261 2423 314 2500 ris,
340 2423 527 2484 dissimulata
543 2421 701 2482 divinitate
712 2439 777 2496 sua,
799 2417 890 2480 homo
902 2421 987 2482 nasci
999 2419 1121 2502 voluit),
1136 2418 1271 2480 omnium
1282 2417 1372 2497 priu-

175 2512 180 2531 '
262 2525 383 2607 cipum,
407 2525 541 2586 omnium
555 2522 712 2582 hominum
725 2521 841 2582 animos
855 2543 872 2580 s
888 2523 1015 2603 privatis
1029 2521 1244 2602 cupiditatibus
1259 2521 1299 2579 sd
1312 2537 1372 2580 cu-

260 2649 327 2690 ram
343 2629 483 2710 publicse
495 2626 618 2702 salutis,
642 2646 659 2684 a
680 2623 758 2684 luxu
781 2633 812 2684 et
835 2627 1005 2708 cormptsla
1027 2645 1147 2686 morum
1164 2623 1203 2684 sd
1223 2621 1372 2684 sobricta-

171 2781 175 2786 .
260 2741 322 2792 tem
342 2741 372 2791 et
391 2730 474 2792 vitae
497 2729 718 2808 integritatem,
740 2731 778 2790 sb
802 2730 878 2792 odiis
900 2739 929 2792 et
951 2727 1154 2790 simultatibus
1178 2725 1217 2784 ad
1239 2743 1371 2784 concor·

262 2833 342 2894 dism
365 2843 396 2894 et
417 2853 564 2909 amorem,
594 2854 612 2892 a
640 2832 716 2893 rixis
739 2843 769 2893 et
795 2833 1047 2915 disputationibus
1066 2832 1229 2892 adrerum
1254 2825 1372 2886 cultum

259 2937 428 3016 roligionis,
449 2958 466 2996 a
481 2936 568 2997 bellis
593 2945 623 2996 et
637 2935 727 2997 srmis
741 2935 780 2996 ed
791 2936 910 2996 firmam
925 2945 955 2995 et
969 2941 1155 2995 constsutsm
1167 2947 1275 3013 pacem
1291 2948 1373 2988 cen-

263 3047 371 3099 verini.

257 3147 260 3150 ’
349 3142 442 3202 Cuius
457 3142 523 3203 voti
534 3141 561 3202 si
577 3162 633 3202 uos
644 3141 748 3204 divina
761 3141 925 3204 liberalitss
941 3140 1057 3219 (merita
1073 3137 1152 3198 enim
1167 3143 1270 3198 nostra
1283 3132 1371 3196 nulls

262 3247 398 3328 proiecto
423 3247 536 3307 iactare
553 3265 715 3327 possumus
723 3291 732 3322 ,
754 3265 814 3305 nec¹
825 3245 925 3304 minus
942 3241 1059 3322 indigui
1074 3259 1177 3302 sumtu
1196 3237 1301 3298 divine
1317 3253 1371 3296 su-

262 3349 338 3424 gilio
352 3369 441 3428 quam
457 3345 571 3430 indigi)
593 3357 747 3428 competes
762 3347 944 3425 reddiderit,
966 3347 1004 3406 iis
1024 3344 1135 3404 erimus
1152 3339 1370 3416 formidabiles,

263 3452 400 3530 equibus
413 3471 510 3528 nunc,
532 3471 595 3510 non
607 3449 674 3509 aliis
689 3449 727 3510 de
751 3451 849 3510 causis
860 3469 949 3530 quam
965 3457 1091 3530 propter
1115 3452 1291 3524 corruptam
1313 3439 1370 3500 di-

261 3543 432 3633 sciplinam,
454 3563 485 3612 ct
497 3553 640 3614 intestina
654 3553 742 3630 bella,
765 3573 820 3635 per
835 3561 1042 3634 contemptum
1058 3563 1275 3632 oppugnatum,
1299 3559 1370 3604 cae-

260 3656 372 3735 dimur,
394 3657 428 3715 in
441 3657 659 3718 acerbissimam
676 3656 853 3718 servitutem
866 3656 1052 3733 abducimur,
1076 3664 1106 3715 ct
1120 3655 1153 3712 in
1168 3668 1299 3710 summas
1312 3665 1370 3707 su-

198 3837 208 3850 ,
259 3761 372 3840 gnstiae
389 3759 501 3820 redacti
514 3761 720 3842 profligentur.
764 3759 918 3840 Quicquid
940 3760 1018 3820 enim
1036 3754 1237 3819 calamitstum
1252 3771 1288 3811 sc
1304 3749 1369 3810 cls-

260 3863 402 3946 dium(ut
410 3865 447 3924 de
455 3865 523 3924 aliis
532 3859 1016 3946 Christianisprovinciis‘tscssm)
1025 3858 1193 3922 Pannoniae
1200 3855 1369 3937 patiuntur,

177 3967 179 3972 ’
259 3965 293 4026 id
316 3967 356 4029 od
373 3989 429 4045 uos
454 3989 575 4050 quoque
598 3989 636 4028 ax
662 3987 757 4048 aequo
778 3968 929 4049 pertinere
955 3965 1062 4027 meritc
1088 3961 1269 4024 iudicamus.
1308 3959 1367 4016 llos

200 4115 203 4122 .
262 4070 342 4131 enim
353 4073 490 4154 proiecto
499 4119 512 4154 ,-
529 4075 590 4137 ime
611 4074 693 4136 sulus
709 4081 813 4134 nostra
828 4091 911 4134 uunc
925 4070 1035 4150 egitur,
1055 4067 1154 4150 paries
1170 4083 1239 4126 cum
1254 4059 1369 4144 .prcxi-·

261 4195 329 4237 mus
345 4177 438 4240 ardet.
459 4199 461 4208 ⁴
