3038 4864
251 345 361 394 xovm
683 327 798 399 HlER.
819 327 984 402 wotru

254 513 303 554 nae
325 492 418 554 luisse
441 490 561 572 potius,
582 511 672 572 qnam
694 498 812 572 meapte
830 489 986 552 volontate
1007 485 1180 549 accessisses
1209 501 1275 550 non
1293 495 1360 550 um

254 596 390 656 laborum
408 602 438 654 et
452 594 653 654 molestiarum
667 594 752 672 luga,
776 591 882 672 quibus
893 591 936 651 ita
951 601 1015 652 tum
1030 611 1148 672 quoqne
1160 611 1359 669 assuererunt,

253 707 290 759 ut
304 699 412 778 ignavo
433 695 494 756 otio
508 695 586 755 nihil
601 693 675 754 mihi
689 703 765 754 esset
778 693 946 771 molestius,
969 713 1058 774 quarn
1072 693 1198 775 privatis
1209 694 1284 754 meis
1294 701 1360 754 stit-

254 801 328 880 diis,
350 801 376 860 si
391 797 464 880 quid
479 797 602 859 daretur
621 796 689 874 otii,
712 796 831 857 imessdi
854 805 885 857 et
906 795 1079 857 diutsunam
1095 794 1181 876 qussi
1199 795 1281 855 sitim
1300 815 1360 855 va·-

254 905 316 967 rise
333 900 469 964 lectionis
480 899 685 979 restinguendi
700 899 873 980 cupiditate.
916 897 975 960 Sed
1000 919 1069 958 cum
1088 916 1105 958 e
1121 899 1253 959 Zonaras
1273 897 1360 958 velut

255 1005 378 1066 salebris
396 1005 560 1080 eluctatus,
586 1003 621 1062 in
640 1003 760 1064 Nicetae
780 1001 948 1061 Acuminati
970 999 1131 1062 choniates
1150 999 1307 1082 planitiem
1328 1009 1361 1061 et

257 1108 342 1188 quasi
356 1106 447 1167 variis
459 1105 595 1165 ssosculis
609 1103 765 1166 vernantia
780 1113 866 1185 prata
879 1101 1095 1184 pervenissem
1115 1101 1265 1162 iucundus
1284 1099 1362 1160 milri

254 1210 357 1292 potius
378 1229 468 1289 quam
490 1207 590 1288 gravis
616 1227 677 1268 ease
697 1207 784 1266 labor
804 1206 1058 1288 interpretationis
1075 1205 1129 1266 ille
1148 1205 1263 1284 coepit,
1289 1221 1362 1262 cnm

256 1313 294 1371 ob
309 1311 471 1371 dictionem
485 1311 626 1370 fusiorem
649 1319 678 1369 et
703 1307 885 1390 planiorem,
908 1317 939 1369 et
956 1329 1042 1391 saepe
1053 1329 1116 1369 non
1130 1305 1294 1366 infeliciter
1305 1305 1362 1364 ln-

253 1414 442 1475 xuriantems
470 1421 537 1473 tum
558 1433 631 1474 vero
655 1421 782 1493 propter
803 1431 904 1472 earum
930 1411 1125 1472 historiarum
1147 1407 1361 1488 cognitionem,

256 1537 329 1597 quas
343 1515 452 1597 partim
471 1535 534 1573 non
550 1515 621 1574 satis
640 1525 790 1592 tenerem,
811 1513 919 1596 partim
935 1515 1023 1595 plana
1036 1513 1215 1592 ignorarem.

341 1617 409 1690 Quo
422 1637 514 1697 opere
528 1615 683 1694 absoluto,
705 1637 776 1677 cum
789 1639 850 1677 non
863 1627 926 1676 tam
938 1615 1096 1695 gauderem
1109 1635 1157 1674 me
1172 1612 1257 1693 gravi
1269 1631 1363 1673 oum

256 1719 406 1794 levatum,
429 1737 519 1796 quam
542 1717 577 1776 in
595 1717 694 1778 medio
707 1719 804 1778 veluti
827 1739 916 1778 cursu
931 1717 1107 1778 destitutum
1124 1715 1276 1792 dolerem,
1300 1733 1361 1793 quo

256 1821 358 1882 minus
373 1830 538 1882 extremam
555 1820 647 1880 totins
660 1819 801 1880 historiae
816 1829 926 1880 metam
945 1821 1135 1898 attingerem
1156 1835 1226 1877 ecoe
1239 1825 1363 1897 pneter

257 1941 376 1984 omnem
391 1923 642 2003 exspectationem
658 1945 675 1982 a
690 1932 722 1982 te
736 1921 862 1982 offertur
877 1921 1063 2003 Nicephorua
1080 1921 1235 2000 Gregoras,
1255 1917 1309 1998 qui
1324 1915 1362 1976 ab

256 2025 334 2086 urbe
347 2047 365 2084 a
382 2025 501 2086 Venetis
521 2035 552 2085 et
566 2025 715 2085 Baldnino
731 2025 862 2085 Flandro
879 2035 966 2106 capta
979 2045 1114 2102 uorsus,
1134 2020 1291 2082 historiam
1303 2039 1363 2080 an·

256 2147 368 2189 norum
382 2149 470 2190 oxus.
484 2121 517 2206 *)
540 2126 579 2186 ad
593 2145 677 2186 suam
690 2147 788 2208 usque
805 2137 948 2204 aemtem,
970 2136 999 2186 et
1013 2123 1180 2187 Andronici
1194 2121 1364 2202 Palsaologi

255 2229 384 2290 iunioris
404 2229 536 2307 obitum,
563 2229 692 2306 eleganti
712 2230 792 2309 stylo
822 2230 1005 2311 descriptam
1026 2227 1114 2288 nobis
1133 2226 1233 2287 dedite
1259 2225 1363 2306 itaqua

257 2332 411 2413 supplevit
425 2353 458 2394 ea
473 2349 548 2412 quae
560 2330 722 2411 reliquerat
737 2329 904 2410 Ghoniates,
925 2341 962 2393 ut
976 2331 1029 2394 hio
1043 2331 1174 2392 Zonaras
1187 2347 1274 2389 snam
1287 2348 1363 2390 uar-

256 2433 402 2494 rationem
415 2443 593 2495 attexuarat.

342 2537 496 2597 Caeterum
510 2545 541 2596 at
554 2535 605 2594 hic
622 2534 703 2596 idem
716 2535 800 2615 quod
812 2534 845 2595 in
857 2535 1002 2597 Ghoniata
1019 2535 1094 2597 milri
1110 2555 1178 2596 com
1193 2531 1362 2609 accidisset,

256 2655 314 2698 neo
327 2637 426 2697 vicina
441 2638 626 2720 temporibus
641 2637 751 2697 nostris
758 2637 970 2718 Byzantiorum
982 2650 1048 2700 acta
1063 2648 1168 2702 auctor
1180 2635 1232 2696 ille
1244 2635 1365 2715 attigis-

257 2749 318 2802 set:
339 2742 514 2822 nullumque
528 2741 676 2802 Graecum
690 2741 869 2822 scriptorem
892 2753 1011 2821 extare,
1033 2752 1084 2804 aut
1098 2749 1179 2802 certe
1200 2737 1276 2798 nihi
1300 2755 1365 2798 essa

257 2843 411 2923 cognitum
426 2843 573 2922 dolerem,
596 2843 649 2924 qui
665 2853 779 2903 caetera
792 2863 889 2925 usque
903 2847 942 2906 ad
952 2844 1263 2927 Constantinopolim
1280 2845 1365 2905 Tur-

257 2948 301 3007 cis
317 2957 503 3027 occupatam,
518 2957 549 3007 at
560 2946 722 3028 imperium
735 2947 919 3008 Graecorum
932 2969 950 3008 a
964 2947 1131 3010 Mahomete
1141 2967 1265 3031 prorsus
1278 2967 1365 3008 ever·

256 3067 323 3108 sum
353 3059 599 3130 persequereture
641 3049 799 3108 commode
829 3069 846 3108 a
873 3051 1039 3112 clarissimo
1067 3052 1134 3112 viro
1159 3053 1194 3114 l).
1217 3051 1364 3111 Pnrurro

257 3150 433 3228 Grannum,
460 3150 621 3212 Viennensi
643 3149 879 3230 iurisconsulto,
902 3153 940 3214 ad
960 3173 1007 3213 me
1026 3154 1131 3214 missus
1153 3161 1199 3214 est
1214 3153 1363 3212 Leonicus

257 3251 529 3334 Chalcodondyles,
551 3274 629 3334 quo,
650 3261 685 3312 ut
702 3273 721 3312 a
734 3254 909 3334 fatigatione
933 3257 1136 3316 conversionis
1152 3253 1293 3314 nonnihil
1311 3275 1364 3315 ac·

256 3353 449 3436 qasiescerem,
469 3357 558 3417 avide
570 3377 724 3437 percurso,
742 3357 832 3438 plane
848 3357 923 3418 mihi
938 3359 1123 3420 satisfactum
1137 3377 1200 3418 csse
1215 3356 1363 3436 cognovit

256 3467 347 3538 utque
362 3457 397 3517 in
416 3477 481 3519 eam
504 3457 680 3518 sententiam
701 3477 769 3518 sum
787 3459 952 3539 adductus,
973 3471 1009 3521 ut
1027 3462 1090 3524 tato
1112 3459 1261 3541 quodam,
1282 3457 1364 3539 qnod

255 3559 343 3620 initio
363 3559 445 3637 dixi,
467 3561 581 3621 lactum
605 3579 670 3621 esse
685 3559 905 3637 existimarem,
934 3571 1020 3623 utet
1044 3562 1223 3624 liberalitate
1240 3572 1311 3639 tos,
1333 3569 1365 3622 et

254 3661 505 3724 Dornusonwmn
520 3661 684 3743 Byzantina
705 3671 736 3723 et
746 3663 855 3723 Asiana
871 3664 1118 3746 peregrinatione,
1140 3673 1171 3724 et
1186 3683 1252 3724 meo
1267 3663 1365 3744 quali·

254 3785 376 3846 cunque
396 3765 517 3845 labora,
540 3763 693 3844 integrum
714 3767 807 3828 totius
824 3767 1007 3848 Byzantinus
1028 3764 1172 3827 historias
1185 3785 1312 3847 corpus,
1334 3773 1365 3826 et

255 3867 395 3927 omnibus
415 3887 511 3949 prope
524 3869 655 3928 numeris
675 3867 734 3930 suis
747 3868 936 3950 ahsolutum,
959 3869 1068 3930 nostris
1087 3867 1260 3930 hominibus
1281 3887 1365 3949 pro-

252 3977 432 4052 poneretur:
454 3969 542 4030 cnins
554 3971 644 4032 lectio
657 3991 720 4032 non
736 3981 798 4032 tam
814 3973 957 4052 incunda,
974 3993 1064 4054 quam
1076 3971 1217 4034 salutaris
1230 3980 1318 4047 mast,
1338 3971 1366 4030 ai

252 4071 277 4132 ii
291 4071 345 4152 qsai
361 4089 462 4134 rerum
476 4073 644 4154 potiuntur,
660 4093 700 4135 ex
715 4073 820 4136 alienis
831 4075 962 4157 peccatis
977 4094 1032 4135 sua
1047 4075 1202 4136 emandare
1214 4093 1366 4134 conaren-

251 4183 313 4248 tur.
354 4175 437 4238 idem
452 4176 532 4237 anim
546 4175 651 4256 hostis,
668 4177 721 4258 qui
732 4177 834 4239 beatas
848 4179 922 4240 olim
933 4177 1020 4239 Asiae
1034 4187 1065 4238 at
1075 4177 1220 4240 Graeciae
1232 4176 1366 4257 provin·

253 4278 314 4340 cias
328 4279 489 4363 oppressit,
513 4281 651 4358 nutavit,
666 4281 785 4358 evertit,
799 4282 911 4344 nostris
923 4281 1012 4343 etiam
1025 4279 1193 4344 cervicibus
1208 4279 1366 4340 imminete

287 4395 317 4462 ‘)
335 4397 397 4450 Non
414 4413 496 4450 σω.
514 4397 560 4452 sed
578 4404 703 4453 cmm.
