2970 4882
306 341 543 414 fflsnonlsu
561 343 839 414 Bsznnununn
859 344 916 416 xl.
935 351 985 424 ιι,
1104 331 1183 420 νοτ

46 505 99 583 ῶς
121 507 161 572 αἱ
189 514 256 576 rob*
287 507 430 574 ἐπιπέδου
444 507 477 572 ἐκ
489 505 654 593 διαμέτρου
669 502 836 594 ἀκρότητες
853 514 918 574 τῶν
932 513 1102 590 βασιλικῶν
1115 534 1184 596 τρι·
1223 520 1257 575 l.
1275 517 1307 573 c.

49 613 178 675 κλίνων
206 610 389 699 άμφότεραι
404 607 597 694 ύπίρκεινταί
609 635 669 675 που
686 617 742 676 τοῦ
756 609 871 694 μεταξύ
886 611 1029 677 ἐπιπέδου
1047 609 1119 698 ῶχρι
1132 614 1183 678 καί
1235 590 1305 710 ῙΞΞΒ

50 713 86 787 ἐς
103 715 226 798 τρίτον
242 720 420 799 σπιθαμῆς,
431 715 481 778 καλ
493 709 629 798 μάλιστα
645 711 705 798 ὅπη
715 715 766 778 καί
781 710 797 778 ὁ
811 714 971 796 βασιλικὸς
985 711 1182 802 ἐστηκεθρό-
1233 725 1301 784 1³41

50 835 132 889 νος·
146 815 197 878 ‘iv’
220 817 303 894 λ’σως
316 817 369 904 έχῃ
386 842 415 881 τι
431 817 488 882 κάν
503 813 603 905 τούτῳ
612 816 704 882 πλέον
717 823 779 882 τῶν
795 815 897 882 άλλων
912 813 1083 900 ὃβασιλεδς
1092 799 1349 920 ioufflffiff'

49 923 154 997 μενος
172 917 209 983 ἐν
227 945 264 986 τε
284 931 352 996 ταῖς
369 919 463 1006 ἱεραῖς
475 916 642 1008 ὑμνῳδίαις
658 921 707 984 καὶ
726 917 776 985 ὅτε
790 920 958 1005 διαλέγοιτο
975 927 1032 986 νῶν
1045 922 1102 1004 μέν
1116 933 1213 1000 reicit

51 1015 232 1103 ὑπηκόοις,
243 1024 346 1089 νῶνδδ
360 1033 425 1098 τοῖς
441 1023 472 1099 ἐξ
487 1024 589 1089 ἐθνῶν
602 1022 773 1109 πρέσβεσιν.
801 1023 912 1100 ἐξεῖναί
919 1049 951 1108 γε
963 1022 1027 1108 μὴν
1039 1024 1091 1088 ἐπ’
1108 1025 1183 1091 ἐκεί-

52 1147 116 1203 νης
142 1131 207 1207 τῆς
227 1123 371 1202 στάσεως
392 1125 491 1191 οὗδενλ
512 1133 574 1192 τῶν
597 1123 741 1190 ἁπάντων
764 1133 808 1214 τῷ
823 1131 948 1208 βασιλεῖ
959 1127 1176 1210 συνίστασθαι,
1196 1135 1230 1188 V.
1243 1136 1299 1192 2⁸3

55 1224 147 1307 πλὴν
173 1235 237 1312 τῆς
263 1227 395 1314 συζύγου
418 1231 468 1293 καί
491 1235 553 1296 τῶν
580 1229 670 1295 υἱέων
695 1231 746 1294 καὶ
772 1228 932 1315 ἀδελφῶν·
959 1233 1131 1316 προσθείην
1147 1231 1180 1296 δ’

56 1323 99 1389 ῶν
125 1331 182 1392 καὶ
209 1339 280 1398 τῶν
307 1333 542 1420 πατραδέλφων.
577 1331 656 1396 ἀλλὰ
677 1329 789 1398 τούτου
812 1357 844 1417 γε
862 1331 1026 1416 ἱσταμένου
1043 1336 1094 1398 καὶ
1111 1330 1213 1418 ipa-F

43 1431 202 1509 ’λαῶντος
225 1435 346 1502 ἐκεῖθεν
371 1432 417 1512 οίς
440 1437 531 1522 ἐχρῆν
552 1433 684 1522 άνῄεσαν
709 1437 760 1500 καὶ
784 1431 966 1501 συνίσταντό
984 1435 1015 1500 οἶ
1029 1435 1086 1521 οὐχ
1100 1435 1185 1524 ὅπως

58 1529 179 1599 ἅπασα
203 1544 272 1604 τῶν
297 1535 460 1624 εύγενῶνῆ
482 1535 605 1622 νεότης,
634 1537 714 1604 dili
740 1540 791 1604 καλ
807 1545 870 1603 τῶν
882 1540 1021 1623 χυδαίων
1036 1542 1086 1604 καὶ
1101 1537 1182 1626 ὑπη-

60 1635 160 1718 ρέτου
179 1637 275 1717 τάξιν
289 1637 420 1726 ἐχόντων
426 1691 437 1723 ,
466 1637 512 1716 οίς
526 1641 605 1726 πρδς
619 1638 798 1724 βουλάσεως
814 1633 862 1726 ἦν.
890 1637 933 1719 ῶς
947 1643 998 1706 καί
1015 1641 1183 1720 τοσούτους

61 1737 220 1808 ἐντεῦθεν
243 1747 384 1830 μίνεσδαι
409 1743 484 1819 τούς
506 1744 726 1826 συνωδισμοδς
748 1747 816 1831 περὶ
836 1743 932 1810 adedo
946 1743 1110 1826 πολλάκις,
1139 1743 1182 1822 ῶς

60 1834 207 1908 δπείκειν
225 1846 322 1912 αὐτὸν
338 1849 388 1913 καὶ
405 1843 556 1912 ἐνδιδόναι
572 1850 623 1911 καί
639 1846 807 1930 άλλοιςμέν
822 1853 879 1931 τῆς
893 1845 1061 1932 ὑπερτέρας
1077 1873 1181 1934 παρα-

43 1950 53 2004 i
59 1957 181 2028 χωρεῖν
206 1946 362 2032 στάσεως,
391 1950 486 2016 αὐτὸν
508 1949 542 2015 δ’
561 1950 659 2037 ἠρέμα
675 1951 809 2015 κατιέναι
825 1949 901 2034 πρδς
917 1947 952 2014 sd
970 1956 1027 2014 τοῦ
1042 1947 1180 2036 ἐδάφους

58 2047 352 2140 χαμαιζηλότερον,
379 2055 488 2138 μηδενὶ
508 2060 572 2120 τῶν
593 2050 737 2119 ἁπάντων
758 2048 943 2134 ἀχθόμενον.
997 2049 1074 2139 (Η.)
1098 2054 1183 2138 Περί
1192 2053 1225 2112 P·
1243 2057 1294 2112 351

63 2173 98 2230 γε
120 2151 189 2235 μὴν
208 2162 267 2240 τῆς
290 2157 338 2221 ἐπὶ
361 2163 497 2244 κεφαλῆς
520 2154 697 2238 καλύπτρας
713 2155 760 2216 ἐπὶ
775 2153 832 2235 μέν
847 2157 909 2217 τῶν
924 2149 1074 2240 πρότερον
1086 2160 1181 2236 βασι-

63 2251 147 2318 λέων
162 2254 257 2340 ἕδος,
286 2259 359 2342 τοδς
370 2263 428 2342 μέν
438 2255 542 2344 χρόνῳ
557 2252 790 2340 προβεβηκότας
802 2255 833 2319 ἐν
846 2263 911 2330 τοΐς
923 2259 1090 2338 βασιλείοις
1098 2264 1180 2343 χρῆ-

66 2360 152 2418 σθαι
169 2359 380 2443 καλύπτραις,
398 2361 572 2444 πυραμίδος
593 2359 650 2439 μέν
674 2354 816 2440 ἐχούσαις
830 2364 951 2441 σχῆμα,
983 2365 1127 2446 Σηρικοῖς
1143 2363 1162 2425 δ
1167 2359 1178 2386 ’

43 2455 226 2539 ϋένδύμασι
241 2461 321 2526 κατά
342 2461 378 2526 τδ
395 2459 545 2544 ἀνάλογον
559 2457 678 2550 ἑκάστῳ
692 2460 812 2544 ἀξίωμα
827 2462 1085 2544 καλυπτομέναις·
1112 2462 1180 2530 ὅσοι

67 2557 103 2622 δ’
131 2563 165 2625 ἐν
185 2560 289 2655 ἡλικίρ
297 2613 308 2645 ,
336 2562 467 2640 τούτους
486 2565 519 2628 δέ
536 2560 655 2641 πάντας
669 2559 819 2641 καθάπαξ
835 2561 1011 2630 ιλκάλυπτον
1028 2565 1105 2649 ἐχειν
1122 2565 1180 2651 τὴν

69 2665 222 2751 κεφαλήν.
260 2669 309 2733 ἐπὶ
330 2669 364 2733 δέ
378 2675 434 2752 τῆς
447 2666 544 2733 αὐτοῦ
557 2671 717 2751 βασιλείας
730 2668 762 2744 ἐς
778 2673 928 2732 τοσοῦτον
943 2653 1022 2756 ἐρέει
1042 2669 1078 2734 τό
1105 2667 1183 2746 ’ἐδος

69 2770 158 2832 τουτί
166 2819 178 2850 ,
209 2767 252 2850 ῶς
273 2769 462 2858 καλύπτραις
479 2772 536 2854 μέν
549 2777 719 2859 κεχρῆσθαι
733 2767 851 2847 πάντας
865 2767 943 2853 ὃμσῦ
960 2775 1010 2836 καί
1026 2773 1112 2848 νέους
1125 2775 1207 2838 sulii

71 2866 230 2956 ἀφήλικος
236 2923 247 2955 ,
276 2871 389 2960 ὁμοίως
404 2872 506 2961 ῶσπερ
521 2876 553 2940 ἐκ
575 2875 697 2964 «ironic,
725 2871 808 2940 ούτω
829 2876 880 2939 καί
901 2878 1065 2959 βασιλείων
1079 2875 1175 2957 ἐντὸς,

140 2999 255 3130 ἓθέχρρ
269 3005 303 3059 A.
372 3006 414 3064 18.
432 2977 626 3076 usurpauit
695 3005 739 3065 17.
760 3001 812 3076 μὲν
829 3003 888 3060 add·
905 3005 938 3064 λ.
1015 3007 1060 3064 18.
1083 3007 1179 3080 κεςρῆ·

181 3095 217 3130 tte
257 3111 264 3126 ι

71 3169 136 3238 bus,
152 3175 381 3249 imperatoriorurn
410 3177 580 3232 tricliniorum
600 3177 740 3249 pavimenti
757 3178 913 3233 summitates
932 3177 1018 3231 amm
1034 3175 1105 3232 inter
1118 3195 1178 3231 sees

72 3245 209 3312 oppositas
228 3249 339 3300 eminere
358 3265 437 3317 supra
457 3249 617 3302 interiectum
632 3249 711 3302 tolum
726 3267 810 3322 usque
825 3250 859 3302 ad
874 3248 951 3318 palmi
964 3246 1100 3312 trientem,
1117 3247 1176 3300 illao

74 3314 181 3369 maxime
203 3317 248 3369 ubi
264 3316 457 3386 imperatorium
471 3318 559 3370 solium
573 3327 614 3371 est
626 3320 811 3382 constitutum,
827 3319 943 3370 nimirum
957 3322 986 3369 ut
1000 3325 1028 3370 et
1042 3316 1069 3368 in
1082 3333 1112 3369 eo
1125 3315 1177 3370 Im-

76 3393 180 3448 perator
208 3385 307 3455 aliquid
327 3403 390 3455 prae
410 3387 520 3440 caeteris
540 3385 658 3440 eximium
677 3389 786 3452 babeat,
809 3387 865 3440 sire
885 3387 912 3438 in
930 3384 1011 3438 saeris
1032 3386 1178 3454 hymnodiis

77 3457 166 3519 atone,
184 3457 242 3508 sive
265 3471 332 3507 nune
351 3454 479 3521 subditis,
497 3473 563 3509 nunc
583 3466 728 3511 exterarum
745 3456 876 3510 nationum
895 3455 988 3524 legatia
1004 3453 1178 3524 respondenss

46 3521 48 3526 '
78 3533 126 3570 nso
146 3522 173 3576 in
187 3524 232 3578 illo
262 3525 318 3577 loco
338 3524 455 3592 cuiquem
477 3525 708 3581 mortalinmlioere
726 3525 763 3580 illi
778 3537 878 3590 astare,
895 3531 1075 3596 praeterquam
1095 3522 1178 3588 uxori,

78 3585 166 3643 liberis
178 3605 206 3646 et
223 3593 362 3664 ἐπετήσιος
380 3594 473 3662 quibus
485 3603 512 3648 et
524 3595 626 3666 patrui,
643 3603 675 3650 ut
685 3597 784 3668 opinor,
802 3595 862 3648 addi
876 3601 990 3666 possunt.
1025 3593 1120 3646 Verum
1134 3593 1178 3646 illo

78 3653 114 3708 ibi
126 3667 212 3715 stante
230 3671 257 3716 et
272 3679 327 3715 cnm
347 3663 439 3733 quibus
452 3681 517 3733 opus
533 3673 593 3719 erat
605 3666 776 3737 colloquente,
790 3681 839 3718 non
853 3665 927 3717 modo
942 3661 1021 3715 omnis
1035 3661 1178 3714 nobilitatis

80 3726 252 3784 adolescentia
268 3733 357 3784 eodem
376 3733 533 3787 ascendebat
552 3743 580 3788 et
591 3735 629 3788 illi
642 3737 759 3803 astabat,
777 3735 824 3787 sed
840 3741 868 3788 et
885 3733 1041 3804 plebeiorum
1053 3737 1081 3784 et
1096 3733 1178 3785 lomu-

80 3791 159 3850 lorum
176 3801 292 3869 quilibet
335 3801 412 3854 Unde
428 3819 507 3874 saepe
524 3805 601 3858 turba
615 3807 742 3860 hominum
763 3803 802 3856 ita
815 3803 978 3873 premebatur
990 3805 1017 3854 e't
1027 3800 1178 3869 urgebatur,

81 3865 132 3916 uti
151 3884 185 3924 sa,
200 3869 350 3923 deflecteret
371 3867 472 3924 τοίνυν
496 3872 615 3939 cederet,
636 3875 745 3944 aliisque
764 3873 896 3942 superiore
913 3871 1025 3924 statione
1045 3886 1176 3936 concessa,

81 3883 879 4074 suillorum
893 3941 1178 4078 ‘suumn

81 4071 155 4123 moris
177 4087 249 4140 erat,
267 4083 297 4130 ut
315 4025 401 4129 aetna
420 4027 597 4146 ρτοῶεοῶῶοτω
613 4083 691 4135 aulici
707 4028 827 4152 ρτόούίοτ
840 4029 1102 4149 ρὶΙέίληρμτοιοίοοῑὶο
1120 4087 1178 4130 ute-

81 4147 182 4208 rentur,
201 4145 283 4199 serico
300 4144 393 4209 tectis,
411 4163 458 4216 pro
473 4149 600 4218 dignitate
615 4151 752 4220 cuiusquee
770 4149 882 4208 iuniores
895 4165 957 4202 reru
970 4164 1056 4200 ornnes
1071 4163 1178 4216 prorsus

80 4209 151 4260 nudis
167 4223 257 4266 ossam
276 4215 413 4284 capitibus.
448 4217 494 4271 lllo
512 4235 575 4270 vero
587 4217 744 4288 Imperatore
755 4217 781 4270 is
798 4236 852 4272 mos
866 4219 1025 4288 usqueadeo
1039 4214 1177 4280 obsolevit,

79 4283 108 4328 nt
119 4294 204 4336 ornnes
220 4283 295 4336 simul
308 4292 336 4337 et
352 4283 528 4340 adolescentes
541 4297 568 4339 st
580 4305 656 4342 senes
671 4289 744 4358 pileis
761 4294 911 4353 uterentur,
929 4305 980 4340 non
996 4284 1078 4338 minus
1089 4284 1116 4336 in
1128 4300 1176 4354 pa·

81 4344 156 4416 latio,
175 4369 251 4425 quam
263 4351 291 4407 in
309 4352 396 4423 agris:
413 4353 498 4428 iique
512 4355 709 4412 musitilornsibns
721 4359 748 4411 et
760 4357 922 4428 peregrinis,
939 4364 967 4410 et
978 4354 1067 4428 quales
1083 4352 1175 4424 tuique
