2998 4872
394 1153 923 1253 PRAEMONITUM.

547 1445 762 1470 -ιι-ι-ι-η-ὺ·

100 1641 308 1782 Nicepbori
331 1691 497 1779 Gregorao
515 1689 696 1757 Historiam
710 1687 944 1779 Byzantinsm,
965 1691 1049 1775 sive,
1071 1701 1111 1760 ut
1134 1692 1205 1782 ipse

101 1831 205 1876 more
229 1833 342 1898 gracco
363 1809 458 1892 dicit,
486 1809 691 1891 Romanum,
718 1811 849 1900 primus
874 1811 910 1876 in
929 1810 1038 1878 lucem
1061 1809 1205 1902 protulit

101 1927 333 2020 Hieronymus
354 1927 501 1994 Wolfius
518 1927 660 1996 Basileae
677 1933 891 2011 aun01562.,
907 1951 1020 2018 graece
1040 1941 1073 1996 ct
1091 1929 1203 2012 latine,

101 2047 275 2114 nonnullis
291 2047 559 2114 annotationibus
569 2047 610 2116 de
624 2049 737 2114 critico
751 2049 964 2141 potissimum
978 2069 1096 2138 genere
1107 2048 1206 2115 addi-

102 2169 159 2234 tis.
199 2168 295 2250 Quae
321 2167 421 2234 editio
451 2189 529 2234 cum
552 2188 595 2233 ex
616 2166 780 2233 codicibus
804 2167 903 2235 ducta
933 2179 1015 2234 esset
1039 2187 1205 2257 perquam

101 2287 270 2354 mendosis
297 2297 331 2352 ct
359 2287 417 2374 qui
439 2285 595 2352 undecim
621 2297 754 2352 tantum
776 2285 880 2353 libros
906 2287 1059 2376 priores,
1088 2285 1204 2368 idest,

100 2405 219 2498 paullo
234 2407 346 2472 minus
367 2427 469 2494 quum
485 2415 639 2494 quartum
656 2406 761 2474 totius
779 2405 889 2496 operis
907 2416 1039 2496 partem
1054 2402 1206 2490 comple-

101 2535 291 2605 cterentur,
320 2523 436 2592 accidit
466 2535 683 2615 opportune,
709 2536 751 2592 ut
771 2523 910 2592 Ioannes
930 2523 1087 2592 Boivinus
1109 2523 1205 2588 initio

102 2643 224 2713 saeculi
242 2644 414 2734 proximi,
435 2663 558 2732 magno
575 2643 747 2735 Ducangio
770 2655 921 2726 auctore,
942 2641 1043 2709 huius
1060 2642 1206 2730 scripto-

100 2765 150 2832 ris
163 2764 272 2830 denuo
290 2761 447 2852 vulgandi
462 2773 561 2850 etque
575 2762 617 2828 ad
631 2763 850 2851 integritatem
865 2761 1006 2855 propius
1023 2758 1206 2828 adducendi
1243 2743 1252 2764 “

102 2905 222 2950 curam
239 2882 431 2972 susciperet.
473 2879 556 2950 Erat
577 2891 693 2948 autem
712 2879 763 2954 Io.
779 2881 940 2948 Boirinus
955 2883 1007 2948 vir
1026 2875 1207 2968 praestanti

101 2999 274 3084 doctrina,
294 3013 328 3070 st
347 3000 475 3090 egregia
495 2999 682 3086 librorum,
708 3000 859 3068 maxime
876 2999 1122 3077 Parisinorum,
1151 3019 1209 3062 con
1260 3019 1268 3043 ·

100 3121 161 3213 pis
177 3121 374 3186 instructusc
396 3141 547 3209 quorum
566 3141 634 3208 opo
654 3141 725 3186 non
746 3119 861 3187 solum
880 3141 935 3201 ca,
958 3140 1042 3207 quac
1057 3115 1206 3184 Wolfius

101 3239 224 3307 mutila
238 3249 271 3306 ct
285 3239 444 3306 lacunosa
458 3237 575 3318 habet,
595 3259 681 3326 quae
694 3259 772 3304 sane
790 3239 967 3302 innumera
981 3247 1077 3313 sunt,
1096 3233 1206 3300 fclici-

100 3371 160 3426 ter
178 3357 350 3450 supplevit
369 3371 404 3426 et
426 3357 488 3426 ulia
503 3357 594 3426 baud
613 3379 718 3448 pauca
734 3356 952 3424 librariorum
970 3355 1048 3422 vitia
1062 3343 1206 3433 sustulit,

100 3480 344 3546 verumetiam
366 3479 469 3546 altero
489 3466 585 3544 tauto
608 3479 736 3544 maiore
755 3477 925 3543 librorum
945 3494 1089 3541 numero
1107 3471 1208 3539 Nice-

101 3597 208 3686 phori
222 3619 310 3687 opus
325 3597 551 3689 locupletavit.
588 3595 716 3662 Prodiit
730 3597 798 3662 eius
813 3595 911 3662 editio
927 3593 1055 3660 Parisiis
1068 3615 1086 3658 e
1101 3602 1208 3681 typo·

102 3714 244 3805 graphia
257 3718 347 3806 regis
364 3739 450 3784 anno
468 3724 577 3801 1702Ἰ
596 3717 699 3781 tomis
713 3713 860 3797 duobus,
881 3735 1031 3804 quorum
1047 3710 1144 3802 prior
1162 3708 1208 3775 li-

103 3834 186 3900 bros
200 3833 355 3902 undecim
368 3861 387 3906 a
398 3835 531 3902 Wolfio
544 3833 697 3924 vulgatos
709 3834 870 3914 continet,
891 3831 975 3898 ulter
986 3831 1126 3897 ineditos
1138 3839 1208 3894 tre·-

103 3951 230 4034 decim,
252 3975 337 4040 quos
350 3955 421 4044 ipse
433 3979 451 4020 e
462 3954 558 4022 MSS.
572 3954 667 4022 eruit.
703 3953 796 4022 Idem
809 3949 979 4042 pollicitus
993 3959 1053 4031 est,
1072 3969 1107 4012 se
1122 3967 1207 4034 qua·

101 4071 293 4138 tuordccim
317 4073 465 4161 reliquos
491 4071 596 4139 libros
627 4093 798 4140 unacum
821 4070 1002 4136 Variorum
1026 4062 1206 4156 opusculis,

103 4211 192 4280 qnae
208 4189 253 4257 ud
267 4189 443 4259 historiam
459 4213 533 4259 cam
548 4189 781 4258 illustrandam
800 4187 965 4270 facerent,
986 4184 1117 4252 duobus
1137 4179 1207 4248 aliis

101 4308 207 4375 tomis
222 4311 502 4403 comprehensos,
523 4311 702 4381 editurum.
745 4307 810 4379 Sed
823 4308 1031 4402 promissum
1051 4323 1123 4370 uon
1143 4321 1208 4389 ap-
