2998 4872
166 351 169 358 ’
253 347 360 399 xxm
487 329 720 404 NICEPHORI
740 326 978 400 GREGORAE
997 325 1117 402 VITA,

254 491 447 560 ministravit.
476 491 636 552 'Nimirum
656 488 783 552 bebebst
804 509 896 572 penes
917 509 949 551 ee
968 487 1135 550 hosdmntn
1160 489 1354 544 consecrem·
1484 481 1485 498 ¹

253 601 322 645 rum
348 581 464 662 copiam
486 577 577 656 longo
601 584 668 636 anto
690 577 858 656 provisum,
881 593 955 656 quas
977 582 1137 656 postquem
1155 589 1259 630 omnes
1274 589 1353 628 con-

255 667 445 748 sumpsisset,
467 663 596 722 amicum
621 661 855 741 dgntbsngelum
879 658 1126 739 repercusserit,
1147 656 1278 716 utullus
1293 653 1354 713 sibi

255 773 326 812 cnm
349 747 517 824 Antidoris,
540 767 592 806 sen
614 747 699 826 penis
720 747 870 807 benedicti
892 745 1011 832 frupfis,
1034 741 1162 806 afferret.
1190 737 1353 820 ltaquesi

254 838 292 898 sb
313 833 491 898 advmsriis
501 831 583 892 omni
596 833 658 892 fere
672 841 732 892 tnm
749 831 863 892 enimse
878 851 967 911 quem
985 828 1121 911 corporis
1135 825 1244 886 solutio
1257 826 1353 907 intere

254 921 371 982 dictum
393 921 460 982 suit
501 917 547 978 Ab
560 916 666 982 iisdem
678 919 833 998 ademptos
848 916 908 976 sibi
921 916 1045 998 pervim
1062 910 1353 990 secmebcripturse

254 1007 348 1068 libros
362 1004 389 1088 ¹)
403 1013 522 1079 nemst3
542 1001 615 1062 item
634 1023 713 1066 enno
729 1013 849 1084 quoqne
868 1002 1012 1063 redeunte
1024 1007 1175 1060 tentetnm
1187 1015 1219 1056 se
1232 1016 1250 1053 s
1260 993 1353 1055 Prin·

256 1093 371 1174 cipibus
384 1112 440 1174 per
458 1089 625 1149 emissorius
637 1087 726 1170 (quos
741 1084 968 1170 ὰῦθημερινοΰς
987 1079 1168 1167 molimur,
1189 1100 1243 1141 suu
1258 1081 1353 1138 unua

254 1175 318 1236 dut
328 1177 499 1256 theologos,
520 1171 638 1252 voest),
659 1185 695 1234 nt
715 1184 768 1234 sut
782 1173 926 1254 captiosis
941 1167 1243 1250 srgumentrtionibns
1260 1165 1353 1224 deee-
1485 1161 1486 1242 J

252 1271 324 1344 ptus
337 1267 571 1343 perverteretur5
584 1267 646 1334 eut,
657 1261 683 1320 si
693 1280 760 1320 eum
772 1261 854 1319 nulle
861 1258 978 1318 ratione
985 1256 1067 1316 flecti
1079 1273 1168 1336 posse
1183 1255 1353 1333 uppem-st,
1485 1267 1486 1356 p

253 1357 434 1408 statueretur
445 1345 583 1425 denique,
593 1353 697 1406 utrum
708 1345 872 1426 expediret,
887 1339 1208 1404 cereerisneserumnis
1224 1347 1255 1396 et
1263 1337 1354 1415 longa

252 1432 349 1494 veluti
363 1439 458 1491 morte
471 1449 538 1490 enm
553 1430 675 1507 confici,
697 1451 736 1490 sn
752 1449 844 1489 msnu
858 1428 990 1489 violente
1003 1427 1100 1488 orbito
1121 1419 1308 1504 opprtmiitp

339 1515 420 1576 lnter
440 1514 496 1575 bos
513 1523 610 1574 metus
625 1515 718 1576 libros
734 1513 883 1575 Historiae
901 1513 1084 1594 byzuntinae
1103 1509 1204 1569 &cem
1224 1509 1354 1586 compo·
1374 1567 1379 1576 ,

254 1602 315 1662 suit
327 1609 411 1660 tsntn
425 1599 590 1675 celeritate,
611 1608 648 1658 nt
661 1601 717 1660 vix
731 1600 793 1659 dies
808 1599 1002 1679 quadragints
1019 1597 1046 1657 ei
1060 1592 1218 1674 scriptioni
1231 1591 1354 1672 impen-

255 1685 334 1747 derit
347 1683 384 1768 ⁸).
426 1685 453 1742 li
475 1693 547 1743 sunt
559 1684 635 1743 liber
647 1685 780 1744 decimus
797 1693 921 1742 octavus
935 1693 965 1742 ot
977 1702 1084 1742 novem
1098 1680 1236 1758 deinceps
1250 1675 1354 1735 eonti-

254 1769 326 1845 nui3
349 1768 455 1849 quibus
469 1767 605 1828 tumulis
619 1771 716 1829 mults
736 1769 944 1843 continentur,
966 1777 1032 1828 tum
1048 1766 1123 1826 Acts
1137 1761 1246 1844 synodi
1261 1761 1353 1821 rala-

253 1854 389 1931 mitione,
412 1863 443 1914 et
455 1853 555 1913 bubitn
573 1873 640 1915 cum
662 1853 794 1914 Csbssiln
812 1852 988 1932 disputetio;
1010 1871 1067 1910 nec
1078 1869 1143 1908 non
1155 1847 1269 1927 triplex
1281 1861 1354 1905 cnm

254 1938 456 2018 Agntbnngelo
483 1939 679 2018 colloquium.
723 1940 818 1999 Porro
839 1938 873 1997 in
894 1935 942 1997 luis
963 1936 1125 2016 praecipue
1143 1930 1354 1992 observatione
1486 1973 1487 2008 p

253 2024 377 2102 dignum
399 2024 524 2087 videtur
543 2033 753 2085 testamentum
776 2023 877 2104 ipsum
903 2021 1034 2081 auctoris
1049 2019 1094 2102 ⁴)=
1124 2017 1209 2078 cuius
1230 2015 1354 2096 quidem
1486 2019 1487 2044 ³

251 2109 423 2169 testamenti
441 2108 500 2168 nis
514 2118 585 2168 sunt
598 2111 704 2190 cupite.
745 2109 846 2168 Primo
858 2107 940 2168 iubet
952 2107 1097 2185 Gregorss
1111 2103 1234 2194 illorum
1247 2101 1356 2162 decem

251 2193 398 2253 libmrum
416 2193 596 2274 exemplaris
615 2215 706 2275 quem
718 2193 850 2274 plurime
866 2209 983 2252 summe
1000 2189 1139 2251 cautione
1154 2187 1299 2264 deterriti,
1321 2193 1356 2245 et

252 2279 355 2338 amicis
368 2279 479 2359 ubique
491 2289 636 2339 terrerum
648 2279 823 2358 degentibus
836 2277 985 2339 distribui.
1027 2277 1131 2336 Altero
1143 2274 1246 2333 Fidem
1257 2291 1355 2352 expo·

251 2363 314 2440 nit,
336 2364 374 2424 de
396 2364 550 2424 Berlsrmo
572 2363 774 2444 etdcindyno
789 2363 930 2424 ecclesius
944 2360 1241 2441 decretuspprobst,
1263 2365 1294 2416 et
1316 2355 1354 2414 in

252 2449 443 2508 Socrnmento
456 2447 661 2509 Eucbsristise
672 2459 778 2510 verum
788 2448 898 2508 Christi
914 2467 1024 2529 corpus
1037 2455 1069 2506 et
1080 2445 1252 2523 sanguinem
1260 2461 1355 2518 sgno·

250 2531 320 2592 scit.
355 2533 456 2592 Tertio
468 2535 594 2596 cedever
607 2553 705 2610 mum,
719 2535 801 2613 quod
814 2533 975 2593 Polemitse
987 2531 1170 2612 insepultsnn
1186 2523 1355 2609 protecturi

251 2617 324 2691 sint,
339 2617 459 2698 sepeliri
469 2627 562 2679 vetet.
583 2619 665 2679 Hsec
676 2637 749 2678 vero
763 2619 862 2679 omnis
875 2618 964 2678 docet
974 2615 1127 2697 scripsisse
1141 2634 1171 2674 se
1185 2612 1299 2694 rsptim
1314 2629 1355 2670 sc

250 2701 357 2762 furtim
364 2702 397 2760 in
413 2701 516 2761 charte
528 2702 682 2780 vilissime,
696 2722 754 2764 nec
767 2713 820 2763 sut
833 2703 980 2782 corrigere
996 2711 1049 2762 snt
1061 2701 1195 2781 expolire
1204 2695 1354 2779 potuisse,

251 2785 375 2846 smum
387 2785 538 2865 videlicet,
552 2807 590 2848 uc
603 2807 642 2848 ue
657 2789 694 2848 eb
705 2787 835 2848 inimicis
848 2787 1121 2869 deprehenderetur
1127 2793 1273 2866 perpetuo
1284 2781 1354 2841 sol·
1487 2785 1488 2792 ’

250 2870 379 2931 licitum.
421 2871 490 2931 Nun
506 2873 617 2934 mimum
635 2874 752 2954 inque,
775 2873 800 2934 si
820 2873 867 2933 illi
889 2873 992 2933 decem
1008 2871 1081 2932 libri
1097 2879 1127 2930 et
1142 2870 1241 2930 minus
1256 2867 1354 2927 oesti-
1487 2855 1488 2876 ¹

251 2955 314 3052 pati
335 2963 421 3032 sunt,
444 2966 475 3016 et
495 2977 632 3037 magnam
655 2959 770 3020 doloris
790 2957 981 3018 acerbitatem
1003 2955 1154 3038 produnt3
1177 2973 1252 3034 quse
1273 2951 1353 3012 etim

250 3037 384 3118 reliquis,
406 3039 525 3102 sdillos
538 3052 641 3122 postes
660 3043 792 3122 edioctis,
813 3063 877 3104 non
888 3041 988 3104 missor
1002 3041 1123 3123 quidem
1137 3039 1246 3115 existit,
1267 3036 1355 3097 sboet

250 3133 352 3222 sutem
372 3143 391 3184 e
410 3127 622 3204 septemdecim
636 3129 800 3209 prioribus3
824 3147 898 3209 quos
921 3147 960 3189 ex
974 3147 1009 3188 eo
1021 3133 1160 3208 uppem,
1182 3133 1213 3185 et
1228 3119 1355 3183 sliunde

249 3217 340 3269 otum
358 3219 496 3287 conum,
518 3223 587 3273 ente
598 3213 964 3293 motuml’alsmittoam
977 3212 1093 3291 integre
1104 3210 1203 3272 sdlsuo
1216 3205 1354 3269 auctoris

249 3293 389 3354 libertnts
409 3297 548 3357 conditos
569 3299 668 3359 brisso.
709 3300 864 3359 Proeteres
885 3299 978 3360 libros
992 3297 1094 3358 decem
1104 3297 1138 3356 in
1150 3296 1277 3355 Tomum
1288 3293 1355 3352 Pe·

249 3376 416 3438 lsmiticnm
435 3380 669 3459 snunhsticos,
692 3383 796 3442 eodem
811 3383 866 3442 illo
891 3382 1055 3442 domestico
1070 3399 1188 3441 carcere
1200 3378 1351 3454 inclusus,

249 3460 388 3542 scripsits
408 3483 528 3525 menum
551 3475 649 3526 nutem
669 3463 744 3526 hnic
768 3468 853 3547 operi
870 3475 936 3527 turn
956 3467 1086 3547 primum
1106 3465 1256 3540 admovit,
1278 3481 1354 3524 cum

249 3545 484 3626 dgsthsngelus,
506 3560 612 3628 quarte
633 3551 700 3612 vice
724 3552 757 3610 in
777 3552 841 3612 eius
869 3551 1040 3612 cubiculum
1059 3551 1166 3611 furtim
1183 3550 1352 3628 ingressus,

249 3631 464 3711 professionem
478 3631 549 3694 fidei
560 3636 669 3696 editum
680 3657 698 3694 e
713 3637 850 3714 Polemo,
872 3645 904 3696 et
916 3637 1025 3696 selectu
1041 3655 1081 3696 ex
1092 3634 1237 3715 synodico
1252 3633 1351 3692 Tomo

249 3715 359 3794 ospits,
381 3717 424 3775 ita
434 3727 469 3776 ut
480 3719 652 3780 mundatum
667 3721 724 3780 eis
737 3723 877 3801 magistro
897 3723 1008 3792 fumet,
1030 3740 1131 3782 secum
1146 3718 1295 3778 attulisset
1308 3713 1352 3798 ⁶).

250 3799 364 3862 Eorum
379 3801 527 3864 librorum
541 3805 705 3886 fragments
715 3815 821 3868 extent
834 3807 915 3890 apud
924 3805 1114 3866 Philotbenm
1128 3801 1349 3886 patriercbnm3

284 3984 316 4059 l)
333 3985 466 4071 Gregorius
479 3987 559 4074 libros
576 3989 669 4076 babuit
685 3991 752 4046 bene
770 3991 878 4056 multos,
902 3993 932 4045 nt
954 4005 1033 4062 snpra
1053 3991 1222 4045 obemvstnm.
1256 3987 1352 4052 Quos·-

297 4053 713 4183 ω’
777 4129 1163 4184 s„

316 4193 361 4246 ric
376 4195 486 4250 ludaico
496 4197 529 4250 dc
544 4145 643 4252 olette
656 4199 898 4269 Hlerosolymitcoo.
954 4199 987 4267 2)
1005 4167 1074 4254 illst.
1089 4197 1134 4252 lib.
1152 4145 1248 4250 xllpvm·
1273 4195 1352 4250 ttius.

317 4261 363 4316 lib.
380 4279 466 4347 rnen.
517 4266 550 4335 b)
565 4269 597 4323 Α.
610 4267 643 4321 0.
659 4283 775 4331 noeccn.
792 4267 857 4321 Iulio
869 4269 1023 4337 sssugusto
1036 4267 1174 4322 mensibus.
1224 4263 1257 4333 4)
1273 4261 1350 4318 unt

316 4329 381 4402 Byr.
399 4332 444 4389 bb.
462 4349 548 4393 sxvrr.
616 4337 648 4408 6)
668 4337 738 4392 nist
754 4337 820 4407 llys.
838 4335 884 4392 tib,
902 4351 988 4392 usu.
1004 4336 1033 4392 lu
1048 4336 1108 4392 fine.
