2998 4872
244 342 306 391 xvi
571 405 575 415 ,
677 329 735 399 10.
753 313 919 402 aowtnt

244 499 324 552 tatae
335 493 425 563 'sunt3
447 490 588 571 quoniam
599 507 703 552 eorum
721 488 886 564 librorum,
907 489 1015 570 quibus
1026 499 1147 553 constat
1159 489 1212 553 bie
1221 493 1342 569 Temno,

244 595 367 657 unicum
377 595 532 676 exemplar
543 593 739 676 possedimus.
758 591 890 654 Unicum
902 591 988 654 dico:
1001 612 1072 654 nam
1084 593 1229 658 Vaticana
1244 615 1346 656 exem·

244 695 340 778 plania
361 716 419 756 neo
440 717 531 778 penes
553 717 610 758 nos
623 683 766 777 fuerunt,
786 714 845 756 nec
865 715 924 777 pro
938 695 1065 758 diversis
1079 695 1248 780 reputanda
1261 705 1343 769 suut,

245 819 313 860 cum
338 809 441 860 nostra
464 821 502 860 ex
525 801 561 862 iia
582 799 732 881 descripta
752 797 824 860 sint.
866 795 949 874 Quas
969 807 1070 860 autem
1083 817 1124 860 ex
1144 797 1183 858 iis
1200 797 1345 860 lectiones

243 921 262 959 a
275 898 351 962 viris
373 901 470 962 doctis
485 903 689 986 suppeditatas
699 899 873 978 babuimus,
895 921 961 978 eas,
981 910 1017 962 nt
1029 921 1131 964 veram
1144 908 1174 960 et
1186 898 1346 978 genuinam

242 1002 433 1083 scripturam,
454 1024 518 1064 non
531 1003 564 1064 in
578 1003 735 1084 margines,
748 1001 848 1070 sedin
860 1003 987 1064 mediam
1002 1002 1140 1084 paginam
1155 1002 1232 1062 etin
1245 1001 1346 1082 ipsum

243 1099 295 1190 (ut
317 1099 415 1188 aiunt)
438 1114 614 1168 contextum
626 1106 851 1183 transtulimus3
872 1103 1007 1186 exceptis
1029 1103 1083 1185 iis,
1104 1123 1179 1186 quas
1196 1104 1232 1165 ab
1247 1103 1344 1164 amico

243 1206 397 1267 carissimo
417 1207 573 1270 Ludovico
593 1209 705 1270 Tarnio
728 1228 828 1292 nuper
850 1206 954 1268 allatas
979 1205 1021 1269 ad
1045 1205 1159 1270 edeam
1189 1207 1276 1269 Tomi
1294 1225 1346 1266 aa·

244 1307 339 1372 cundi
357 1307 390 1368 in
408 1309 499 1371 Notas
514 1311 683 1374 retulimus.

328 1410 476 1491 Equidem
489 1411 629 1474 hocloco
645 1422 812 1495 temperare
822 1410 898 1475 mibi
912 1431 975 1474 non
988 1431 1127 1495 possum,
1148 1409 1224 1494 qnia
1237 1418 1269 1472 et
1279 1427 1346 1470 mea

245 1521 276 1572 et
288 1511 453 1593 Nicephori
467 1514 617 1593 Gregorae
629 1535 718 1576 causa
732 1515 864 1592 doleam;
887 1515 969 1596 quod
984 1535 1056 1576 cum
1067 1513 1118 1575 hie
1131 1535 1187 1597 per
1200 1533 1256 1574 nos
1269 1531 1347 1592 pos·

245 1623 293 1673 set
310 1634 374 1674 non
393 1613 485 1676 modo
504 1615 639 1698 integer,
660 1615 714 1678 sed
727 1615 816 1676 etiam
827 1625 926 1678 tersus
940 1625 972 1678 et
986 1617 1121 1695 limatus,
1142 1619 1176 1678 in
1188 1615 1348 1698 publicum

245 1715 359 1795 emitti,
380 1716 462 1777 idem
481 1727 582 1779 tamen
600 1718 739 1800 pluribus
757 1718 883 1780 fortasse
894 1719 1020 1780 maculis
1031 1739 1184 1801 respersus
1196 1717 1346 1778 andefon-

244 1819 302 1881 mis
318 1819 417 1881 lucem
429 1819 551 1882 demum
562 1821 699 1904 aspiciat.
725 1817 806 1882 Fieri
820 1819 900 1882 enim
913 1820 995 1882 baud
1006 1821 1117 1902 potuit,
1138 1831 1173 1882 ut
1188 1841 1251 1882 non
1263 1817 1347 1878 mul·

243 1931 275 1982 ta
295 1920 330 1982 in
348 1921 521 2004 apographo
542 1922 770 1984 mendosissime
790 1922 895 1982 oeulos
913 1943 998 1984 meos
1020 1921 1170 2001 fugerint,
1192 1931 1222 1983 et
1241 1920 1347 1982 incor-

244 2032 327 2084 recta
345 2025 553 2092 remanseriut.
595 2027 718 2088 Poterat
740 2033 840 2086 autem
860 2023 913 2085 hic
924 2025 1057 2108 scriptor
1072 2025 1161 2104 longe
1177 2021 1347 2100 castigatior

243 2123 341 2186 deria
357 2125 460 2205 nobis,
482 2127 597 2210 siquae
619 2127 653 2190 in
662 2126 775 2216 pluteis
791 2126 944 2190 Vaticanis
958 2137 1062 2190 vetera
1076 2135 1181 2188 extant
1192 2121 1348 2202 exempla-

242 2227 305 2304 ria,
327 2243 361 2288 ea
379 2248 471 2309 penes
493 2251 551 2290 nos
572 2230 711 2295 fuissent.
753 2231 813 2292 Sed
834 2229 977 2292 nimirum
995 2229 1051 2290 uni
1069 2248 1133 2290 non
1154 2226 1253 2288 omnis
1275 2223 1346 2284 data

242 2339 322 2390 sunt.
365 2331 458 2405 Quod
477 2343 579 2394 autern
597 2335 695 2396 iecere
714 2353 767 2413 ego
782 2353 846 2394 non
859 2333 965 2416 potui,
986 2333 1020 2394 id
1036 2330 1187 2414 quondam
1212 2327 1345 2401 fortasse,

241 2429 270 2490 si
281 2432 359 2492 tanti
376 2454 424 2496 rea
447 2453 513 2494 ease
525 2435 693 2516 videbitur,
715 2437 833 2498 felicior
847 2436 970 2498 alterius
987 2433 1136 2496 industria
1152 2428 1324 2512 praestabit.

324 2535 375 2596 td
394 2535 532 2597 Latinam
550 2537 829 2621 interpretationem
851 2549 987 2600 nostram
1007 2535 1090 2619 quod
1112 2534 1240 2608 attinet,
1267 2527 1345 2590 sori-

240 2637 337 2719 ptoris
355 2639 463 2701 Graeci
474 2650 607 2702 mentem
625 2642 652 2702 si
672 2661 720 2702 me
734 2641 846 2722 ubique
867 2649 1064 2721 assequutum
1077 2637 1170 2701 fuisse
1189 2635 1345 2707 affirmem,

242 2760 384 2818 arrogans
400 2741 475 2804 sim:
496 2743 672 2824 praesertim
691 2763 762 2804 cnm
776 2764 834 2804 nec
847 2743 958 2804 Wolfio
972 2742 1042 2824 ipsi,
1062 2750 1205 2804 veterano
1218 2747 1249 2798 et
1263 2755 1347 2798 ema·

241 2841 303 2904 rito
317 2843 494 2926 interpreti,
515 2846 549 2906 id
565 2845 734 2927 contigerit.
775 2845 935 2908 Possumus
952 2865 1025 2908 vero
1039 2851 1162 2924 uterque
1174 2841 1232 2902 bac
1248 2837 1346 2900 ratio-

242 2963 283 3004 ne
307 2965 365 3006 noe
385 2947 559 3026 defendere,
581 2951 666 3031 quod
686 2947 740 3028 qui
759 2947 841 3008 visen
862 2948 977 3010 nullius
998 2966 1103 3028 gressu
1121 2945 1221 3006 tritam
1243 2941 1347 3022 ingre·

242 3047 363 3124 diatim,
385 3049 414 3108 ei
424 3049 638 3114 difficillimum
656 3053 697 3114 sit
716 3025 780 3112 nori
792 3050 868 3128 tab53
890 3052 1064 3134 praesertim
1086 3049 1114 3110 si
1126 3070 1160 3110 ea
1177 3045 1293 3106 lubrica
1305 3041 1347 3102 sit
1367 3079 1371 3088 -

244 3157 275 3210 et
289 3151 465 3230 confragosa
480 3163 511 3213 et
524 3155 646 3216 salebris
661 3156 768 3238 plena,
789 3155 891 3236 quales
909 3155 1022 3236 possins
1042 3151 1146 3212 obiicit
1157 3145 1346 3227 Nicephorus

241 3262 360 3332 noster3
382 3255 435 3334 qui
451 3255 567 3335 quoties
581 3257 701 3336 evagari
714 3257 804 3318 libuit
824 3257 911 3334 (libet
928 3265 1028 3316 autem
1047 3253 1137 3314 nimis
1160 3243 1259 3332 saepe)
1280 3257 1347 3306 turn

242 3353 364 3416 demum
389 3356 535 3443 disertum
553 3377 586 3418 se
599 3367 629 3418 et
643 3359 806 3437 elegantem
829 3357 944 3429 credit.
967 3377 1036 3416 cum
1059 3353 1238 3416 sententiam
1261 3369 1350 3411 suam

213 3455 405 3518 ’verborum
428 3457 598 3536 ambagibus
615 3479 706 3538 quam
733 3458 865 3520 maxime
880 3459 1034 3541 perplexis
1054 3457 1212 3520 involvere
1236 3449 1348 3532 potuit.

326 3557 414 3620 Tomi
424 3559 520 3641 primi
532 3561 657 3641 singulis
670 3559 805 3642 paginis,
826 3561 968 3643 quoniam
983 3571 1153 3640 temporum
1167 3554 1244 3618 ratio
1257 3552 1293 3614 in
1311 3572 1348 3614 ea

240 3655 491 3744 historiaepnos
510 3681 574 3724 non
595 3662 669 3726 satis
689 3671 771 3726 certa
792 3665 1047 3739 mussitantur,
1069 3681 1182 3722 annum
1201 3654 1348 3742 praeseti-

239 3759 312 3822 bere
324 3783 390 3824 non
412 3763 577 3846 potuimus.
618 3763 799 3845 itaqueillio
812 3787 869 3847 pro
884 3767 972 3828 annis
983 3764 1128 3848 Imperia,
1149 3779 1347 3842 seuregnsn·

238 3861 317 3924 tium
331 3864 548 3947 Imperatorum
560 3867 698 3946 nomina,
718 3867 818 3950 posita
831 3877 913 3932 sunt.
953 3871 992 3934 In
1003 3871 1097 3930 Tomo
1116 3864 1265 3943 seeundo,
1286 3881 1347 3922 ⁸¹1·

240 3965 410 4050 nosipsos,
431 3970 574 4050 quoniam
587 3969 626 4031 de
646 3971 685 4032 iia
699 3971 871 4052 constabat,
893 3972 1106 4055 apposuimus;
1127 3969 1346 4050 Imperatorum

241 4077 344 4133 autem
357 4071 481 4133 nomina
493 4074 655 4136 omisimus.
696 4072 818 4158 Quippe
832 4093 902 4137 cum
921 4096 977 4158 per
995 4094 1089 4136 annos
1115 4073 1220 4134 decem
1237 4087 1346 4153 perpe-

239 4179 330 4253 tuos,
355 4192 432 4256 quoa
445 4177 579 4239 continet
592 4175 645 4238 bic
656 4175 785 4259 Tomns,
806 4186 939 4259 potestas
951 4175 1146 4261 Imperatoria
1161 4193 1253 4259 penes
1266 4171 1345 4232 duos

240 4273 396 4361 Principes
410 4279 512 4364 faerit,
524 4281 734 4364 Paheologum
746 4289 777 4344 et
789 4280 1042 4362 Cantaeamnum,
1057 4279 1167 4344 inutile
1175 4297 1239 4343 ease
1250 4273 1345 4338 duxi·

1348 4687 1354 4694 ,

1478 4709 1484 4831 t
