3098 4866
432 261 665 334 HISTORIAE
684 261 959 334 BYZANTINAE
979 263 1035 334 Vl.
1062 270 1092 335 8.
1224 253 1297 327 201

211 433 244 500 ἓν
258 437 370 521 βραχεῖ
384 427 611 518 κατεπράξατο·
636 429 723 507 elisis
743 429 801 518 γάρ
822 427 865 506 ῶς
877 427 1012 514 μάλιστα
1024 425 1147 496 πάντων
1162 428 1193 496 οἱ
1206 429 1295 516 Κρῆὲ
1347 441 1375 492 Δ.
1391 443 1420 491 ο.

210 561 261 612 τες
272 537 497 622 παρασπίζουσι
514 541 560 623 τῷ
575 535 716 620 πιγιιέρνῃ
734 537 784 598 καὶ
798 540 860 600 τῶν
872 532 1025 619 ἐγγυτάτω
1037 530 1136 620 τούτῳ
1152 529 1297 598 κυκλοόν-
1348 509 1417 630 ¹33²

210 663 273 705 των
298 641 373 718 εἰσὶ,
394 635 501 724 λάθρα
515 638 641 720 πέμψας
655 633 803 723 χρήματά
824 661 856 702 τε
878 635 985 703 δώσειν
1006 635 1099 712 αάτδς
1113 632 1298 720 δπισχνεῖται
1350 648 1417 702 1³28

210 739 378 824 πάμπολλα
391 743 441 806 καλ
457 741 600 827 λαμπράς
615 738 670 815 τάς
683 739 773 822 τιμάς
786 743 968 826 προξενῇσαι
980 739 1066 827 παρὰ
1079 745 1135 805 τοῦ
1148 721 1462 840 βασιλέωςᾛὲῗι

184 843 334 924 θαάτοῒς,
362 841 401 926 ἢν
418 842 473 910 τόν
496 843 656 928 πιγκέρνην
672 840 880 925 ἀπολαβόντες
901 843 1023 926 δέσμιον
1045 845 1225 929 παραδῶσιν
1240 840 1328 908 osi-lt

209 953 254 1036 τῷ
272 945 524 1033 συρρηγνυμένων
541 944 602 1030 ἤδη
618 951 680 1012 τῶν
694 947 920 1033 στρατοπέδων.
949 947 982 1012 οἳ
998 945 1036 1028 δὴ
1050 948 1100 1010 καὶ
1114 941 1208 1010 πάλαι
1223 947 1299 1010 δυσ-

207 1051 397 1134 χεραίνοντες
417 1048 496 1136 πρδς
513 1047 569 1132 τὴν
591 1051 623 1126 ἐς
641 1047 681 1113 τά
710 1045 851 1137 παρόντα
865 1049 1028 1132 σκέμματα
1045 1051 1228 1134 βραδυτῆτα
1248 1047 1299 1111 καί

207 1153 352 1236 μέλλησιν
367 1157 423 1218 τοῦ
437 1151 578 1237 πιγκέρνη
595 1152 645 1216 καὶ
662 1149 762 1228 άλλως
778 1151 834 1236 τὴν
852 1157 914 1220 τῶν
929 1149 1117 1236 πραγμάτων
1131 1147 1228 1234 τόχην
1243 1148 1298 1214 ἀν-

148 1279 158 1286 ·
208 1254 481 1342 τιστρατευομίνην
498 1251 628 1342 δρῶντες
644 1253 729 1344 uisui
744 1257 880 1321 κλίνουσι
892 1255 970 1344 πρὸς
984 1255 1039 1330 τὰς
1052 1249 1229 1337 ὑποσχέσεις
1247 1254 1299 1323 καλ

165 1357 244 1424 sort
264 1363 328 1424 πάν
352 1357 440 1422 αάτολ
456 1354 732 1436 κατασκευάζουσιν
754 1357 857 1424 έπειτα
881 1361 986 1446 δρᾶμα
1006 1357 1121 1440 μεταξδ
1135 1361 1192 1422 τοῦ
1208 1356 1300 1422 πολέ-

205 1486 278 1543 μου.
305 1463 356 1526 καὶ
371 1457 469 1538 οὕτως
479 1457 574 1536 αάτός
588 1485 621 1526 τε
635 1461 840 1548 παραδίδοται
854 1461 975 1543 δέσμιος
990 1463 1040 1525 καὶ
1052 1461 1088 1528 τδ
1103 1466 1165 1528 πῶν
1178 1461 1209 1525 έν
1217 1466 1328 1544 δρα-Β

203 1573 256 1648 χεῖ
265 1560 447 1629 καταλύεται
468 1559 580 1628 τοάιου
601 1561 818 1650 στρατόπεδον.
872 1562 946 1654 (Η.)
969 1564 1050 1629 Ἐπεὶ
1063 1564 1097 1629 δέ
1111 1569 1156 1652 τῷ
1176 1577 1333 1650 nuovo-u
1346 1579 1374 1628 c.
1395 1575 1462 1631 1296

204 1667 383 1754 βεστιαρίτῃ
395 1668 586 1754 Λιβαδαρίῳ
600 1667 680 1731 κατά
693 1664 817 1752 γνῶμην
835 1664 998 1752 ἀπηντήκει
1011 1667 1052 1744 τά
1067 1663 1233 1753 πράγματα
1247 1667 1299 1730 καὶ

206 1755 302 1849 πέρας
323 1767 380 1852 είχε
403 1767 504 1860 τούτῳ
529 1769 682 1855 χρηστὸν,
710 1766 726 1836 ὃ
750 1771 785 1836 δέ
814 1769 850 1838 οδ
870 1767 1094 1854 μετριάζουσαν
1115 1767 1222 1858 ἔρριψε
1243 1768 1299 1852 τὴν

143 1871 306 1958 'fiduciis
323 1872 400 1959 πρός
417 1871 471 1938 τὸν
493 1869 688 1956 ἡττηθέντα,
717 1871 789 1938 οὐδ’
812 1872 934 1960 ᾐδέσθη
954 1873 1009 1957 τὴν
1034 1869 1130 1956 τάχην
1154 1871 1295 1958 τάνδρός,

205 1975 278 2042 οὐδ’
297 1975 500 2062 ἀνθρωπίνως
515 1976 712 2062 προσηνέχθη
726 1985 790 2052 τοῖς
804 1973 996 2064 πράγμασιν·
1024 1975 1095 2042 ἀλλ’
1115 1976 1148 2041 ἓν
1167 1981 1212 2063 τῷ
1235 1981 1293 2040 λο-
1310 1987 1343 2040 V.
1360 1991 1411 2044 1⁰2

203 2078 270 2161 βῶν
285 2077 321 2143 τό
338 2084 394 2144 τοῦ
409 2079 561 2162 βασιλέως
575 2078 653 2166 πρὸς
673 2078 730 2156 τὰς
744 2076 882 2156 κολάσεις
903 2079 1046 2164 ἀκίνητον
1060 2080 1112 2144 καὶ
1133 2079 1235 2154 δείσας
1249 2077 1293 2162 μὴ
1311 2091 1343 2145 Ρ.
1361 2088 1412 2149 124

203 2183 441 2269 φιλανθρωπίας
454 2178 470 2247 ὃ
484 2183 607 2265 δέσμιος
620 2179 698 2269 τάχη
714 2182 859 2249 ἀπελθῶν
872 2177 952 2267 με’τδ
964 2184 1070 2269 τρίτην
1088 2180 1148 2246 ἀπὸ
1165 2187 1221 2265 τῆς
1236 2205 1293 2245 κα-

201 2285 374 2368 τασχέσεως
392 2281 509 2371 ἡμέραν
530 2285 705 2373 ἀφαιρεῖται
723 2292 785 2352 τῶν
806 2285 981 2373 ὀφθαλμῶν
1000 2284 1096 2350 atreo
1111 2281 1167 2359 τάς
1186 2279 1291 2367 αάγάς.

162 2385 285 2454 eostre
300 2387 407 2474 πικρὸς
420 2390 470 2453 καλ
483 2391 605 2472 λιθίνην
618 2387 721 2472 αάχῶν
737 2389 793 2473 τὴν
808 2391 938 2480 κμρδίαν
952 2383 1049 2475 έφάνη
1064 2389 1132 2474 περὶ
1144 2385 1199 2452 τὸν
1216 2388 1293 2451 δυσ-

202 2489 379 2576 τυχήσαντα
401 2489 578 2580 ἄνθρωπον.
620 2496 706 2578 φιλεῖ
720 2491 780 2578 γάρ
800 2493 831 2568 ἐς
848 2489 994 2558 ἀπόνοιαν
1016 2489 1115 2580 ῥᾷστα
1131 2499 1242 2576 χωρεῖν
1255 2489 1292 2556 τδ

202 2591 410 2681 ἀνθρώπινον,
438 2591 528 2660 ὁπότε
540 2593 585 2679 μὴ
600 2592 690 2680 λόγον
705 2592 827 2678 ἡνίοχον
842 2593 905 2678 έχάι
915 2595 1054 2678 ’ἐμμελῶς
1067 2593 1292 2660 ἀναστέλλοντα

202 2698 260 2780 τὴν
273 2705 329 2782 τῆς
342 2694 437 2780 τόχης
455 2695 660 2780 ἀστάθμητον
675 2699 872 2784 περιπέτειαν.
913 2697 954 2762 τά
971 2698 1029 2786 γάρ
1045 2698 1077 2764 έν
1097 2695 1221 2784 πολέμῳ
1243 2698 1323 2761 uuili

203 2797 288 2886 μάχη
301 2797 457 2884 γινόμενα,
486 2797 576 2866 όποῖά
591 2799 663 2866 ποτ’
681 2799 719 2866 ἀν
733 2793 773 2888 ᾖ,
799 2795 979 2886 συγγνῶμην
1000 2799 1059 2884 ἔχει
1079 2805 1124 2888 τῷ
1140 2795 1294 2886 πεπραχό-

160 2914 233 2972 2511
239 2951 251 2984 ,
273 2904 549 2992 περιστατουμίνου
567 2899 636 2970 τότε
650 2910 706 2972 τοῦ
721 2909 867 2990 λογισμοῦ
883 2904 935 2970 καλ
949 2908 1007 2989 τῆς
1016 2901 1119 2991 χειρὸς
1133 2901 1222 2972 οἱονεὶ
1238 2926 1294 2986 με-

200 3105 281 3156 totum
301 3102 428 3171 osgouom
449 3103 502 3158 cito
520 3103 639 3158 coniecit
674 3101 742 3157 Naso
764 3117 820 3155 coro
833 3100 913 3157 sciret
925 3101 1062 3158 Cretenses
1074 3101 1295 3172 meximepincer·

200 3189 259 3226 usur
273 3173 301 3225 in
314 3173 371 3226 scie
387 3174 472 3237 tueri,
490 3190 520 3225 ec
534 3173 604 3226 circo
616 3173 686 3226 illum
699 3173 826 3242 proximos
839 3173 1003 3242 conglobari,
1021 3173 1083 3226 clem
1098 3189 1155 3226 cum
1167 3173 1218 3224 illis
1231 3173 1296 3240 egit,

199 3243 383 3310 maximumque
401 3242 533 3312 pecuniam
552 3241 668 3296 <laturum
688 3251 715 3296 et
732 3241 799 3311 apud
820 3241 1001 3310 Imperatorem
1020 3243 1133 3294 illustres
1153 3241 1295 3310 dignitates

200 3311 239 3363 sis
256 3312 451 3380 impetratorum
468 3329 497 3364 se
532 3311 644 3374 romisit,
662 3312 685 3362 si
701 3319 836 3380 postqum
849 3311 977 3364 exercitus
988 3311 1129 3380 confligere
1139 3310 1294 3379 coepissent,

199 3379 345 3448 piscantem
358 3380 472 3434 vinctum
486 3329 538 3432 sill
552 3381 692 3434 truderent.
718 3379 771 3442 Qui
785 3397 843 3434 cum
854 3380 905 3434 iam
917 3380 1016 3450 pridem
1028 3379 1097 3432 illius
1108 3379 1294 3432 cunctationem

201 3453 229 3502 et
238 3464 321 3500 morso
336 3449 363 3501 iu
375 3450 506 3518 praesenti
515 3450 633 3502 instituto
647 3449 751 3504 moleste
761 3449 875 3513 ferrent,
893 3456 921 3502 et
931 3449 1029 3519 alioqui
1040 3449 1167 3502 fortunam
1179 3449 1234 3502 eius
1248 3465 1292 3500 co·

200 3517 306 3570 ustibus
318 3517 449 3571 sdvusuri
458 3519 585 3582 viderent,
601 3515 797 3588 pollicitationes
811 3517 957 3583 admittunt,
971 3518 1294 3588 etinterpugnunduroto·

201 3593 254 3638 tem
263 3585 373 3640 fabulum
384 3594 521 3657 peragunt.
547 3589 592 3641 Sic
606 3589 701 3657 etipse
709 3587 810 3640 vinem
821 3589 941 3652 traditur,
955 3596 982 3640 et
988 3587 1061 3640 brevi
1069 3593 1140 3640 totus
1151 3587 1206 3639 eius
1218 3605 1294 3640 exer-

200 3655 270 3708 citus
285 3655 431 3726 dissipetur.
467 3656 568 3725 (vm.)
586 3657 812 3712 Protovestisrites
825 3663 907 3710 sutem
919 3656 1080 3720 Libsdurius,
1094 3673 1152 3709 cum
1165 3657 1294 3726 negotium

199 3724 327 3778 sententis
347 3726 500 3778 confecisset
514 3733 542 3778 et
561 3725 595 3779 od
608 3727 708 3780 felicem
721 3727 815 3780 eritius
831 3725 1006 3796 perduxisset,
1024 3743 1074 3778 oon
1089 3725 1211 3780 mediocri
1224 3727 1294 3778 lusto

199 3793 269 3848 victo
288 3793 435 3858 insultavit,
460 3813 507 3848 nec
529 3795 656 3850 susurnam
673 3795 723 3848 viri
741 3795 883 3860 reveritus,
901 3813 949 3850 nec
968 3795 1111 3848 humaniter
1134 3795 1294 3848 successibus

199 3863 254 3916 sois
267 3881 338 3918 usus.
372 3865 425 3916 Seu
439 3865 604 3932 Imperatoris
615 3865 751 3918 clementis
761 3865 938 3928 considerato,
956 3864 1001 3934 qui
1014 3865 1047 3918 sd
1058 3865 1219 3918 decernenda
1232 3881 1294 3934 sup-

199 3931 279 4002 plicis
304 3931 453 3988 difficillime
475 3940 633 3998 moveretur,
656 3941 685 3987 et
700 3941 816 3988 metuens
831 3949 865 3987 us
883 3933 1000 4004 captivus
1018 3935 1117 3988 verrium
1135 3934 1293 4002 impetraret,

198 4002 280 4054 tertis
288 4009 424 4072 postquem
437 4019 495 4055 eum
508 4011 614 4071 ceperat
627 4001 671 4056 ‹lie
683 4003 765 4058 visuro
775 4001 814 4055 illi
825 4002 928 4058 ademit.
956 4001 1029 4056 Adeo
1040 4005 1147 4056 acerbus
1162 4011 1190 4055 et
1200 4019 1294 4056 sexsus

199 4069 227 4123 in
249 4071 372 4124 hominem
390 4070 562 4124 cuuusosom
582 4072 640 4126 tuit.
675 4072 749 4126 Solet
759 4072 826 4124 enim
836 4073 945 4126 humone
957 4089 1027 4125 meus
1047 4071 1168 4126 facillime
1181 4071 1214 4122 ds
1225 4077 1295 4123 stetu

120 4199 124 4206 ,
197 4138 331 4204 dimoveri,
348 4139 399 4192 uisi
412 4139 520 4192 rationis
534 4141 612 4194 ductu
625 4149 739 4210 regator,
755 4157 824 4210 quse
836 4140 1154 4198 inconstsotcmlortunse
1164 4140 1294 4194 temerita-

168 4273 173 4282 ι
198 4215 251 4263 tem
266 4215 340 4262 certe
362 4208 533 4262 moderamine
550 4219 676 4263 coerceat.
711 4211 778 4262 Nem
797 4209 825 4263 in
845 4227 931 4280 pugno
947 4209 1049 4279 quidem
1061 4217 1089 4263 ot
1100 4209 1157 4262 scie
1172 4205 1295 4277 quicquid

198 4277 294 4350 ogeis,
311 4277 499 4337 excusotioueos
511 4277 602 4343 hebet,
619 4295 676 4334 coss
688 4278 907 4334 umerorum
917 4278 1076 4350 negotiemur
1088 4277 1154 4333 mols
1165 4275 1232 4331 ratio
1245 4293 1295 4349 op·
1363 4279 1368 4288 '
