2970 4882
284 333 360 409 506
591 341 824 414 NlCEPHORI
845 342 1085 414 GREGORAE

167 527 196 575 A.
212 525 245 577 lt.
288 507 323 588 ὃς
337 497 375 576 ἀν
391 507 639 598 ἕπικρατίστερος
652 507 809 586 καταστάς
823 509 843 595 ἢ
857 509 939 600 λίθῳ
960 505 1098 600 θατίρου
1116 503 1243 598 πατάξῃ
1270 511 1343 597 τὴν
1363 539 1427 577 νιε-

172 597 242 720 6ξᾱ36
289 615 407 702 φαλην,
434 609 612 702 ἢκονδόλῳ
635 611 740 701 τριόση
761 613 899 701 καιρίαν,
925 613 1059 700 ἢτνχδν
1082 611 1198 682 οὖτωσί
1215 640 1290 692 πως
1310 617 1424 702 ξίφος

58 731 63 742 ’
172 733 241 792 6849
289 718 373 806 παρά
386 717 520 804 πλευράν
541 714 653 794 ἐλάσας
670 719 851 805 ἐναρίθμιον
871 727 935 794 τοῖς
949 716 1028 809 ᾅδου
1045 717 1235 786 καθεύδωσι
1258 716 1421 802 τάχιστα

118 807 342 930 lfflll’uffl'mudr
357 821 583 906 ἀνταγωνιστὴν
596 819 750 916 ἀποδείξῃ.
779 824 806 886 εί
819 817 854 886 δὲ
868 823 954 887 δυοῖν
970 821 1067 890 όντων
1082 819 1171 908 ἡμῶν
1185 827 1250 887 τῶν
1271 821 1418 908 ἀμφισ-

247 915 255 931 ’
285 923 465 1011 βητοάντων
479 931 581 1012 μερῶν
597 927 699 1012 τρίτον
719 923 776 990 οάκ
789 921 870 990 iere
883 921 1029 1012 εὖρόνιας
1043 937 1230 1013 προενεγκεῖν
1250 923 1440 1008 intimans

254 1032 335 1103 οκαί
357 1027 504 1114 πρύτανιν
523 1028 683 1112 τάληθοῦς
707 1029 757 1094 καί
780 1031 829 1093 δεῖ
845 1027 897 1093 διά
919 1035 1021 1095 ταῦτα
1043 1027 1267 1116 θάτεροντῶν
1288 1035 1416 1114 μερῶν

283 1134 441 1219 ἐπικρίνειν
455 1141 520 1208 τοῖς
535 1131 723 1218 λεγομένοις,
749 1128 834 1216 ἡμᾶς
848 1119 1025 1220 {irrupturis
1044 1131 1148 1200 αὐτῶν
1163 1129 1238 1198 εἶναι
1256 1135 1316 1198 καί
1341 1130 1413 1197 οὖν

283 1235 397 1312 αάτοδς
410 1231 506 1320 ἡμῶν.
535 1234 635 1318 τὸμὲν
646 1234 705 1322 γάρ
719 1230 865 1322 ἡμέτερον
879 1232 979 1321 δόγμα
991 1237 1069 1325 παρ’
1086 1235 1286 1323 ἀμφοτέρων,
1303 1230 1411 1318 ἡμῶν

168 1355 200 1410 V.
213 1353 268 1413 253
283 1365 317 1406 τε
338 1341 390 1404 καὶ
414 1338 534 1420 οὔτῶν,
563 1335 676 1422 δμοίως
690 1331 723 1404 εὗ
740 1337 809 1422 ’ἔχον
830 1335 1030 1424 ὁμολογεῖται.
1065 1338 1122 1424 τὴν
1136 1340 1170 1404 δὲ
1183 1337 1262 1424 παρ’
1284 1337 1408 1403 αὐτῶν

281 1449 560 1527 καινοτομηθεῖσαν
574 1440 759 1529 προσθήκην
772 1443 824 1508 καί
841 1447 898 1527 τῆς
913 1441 1037 1520 τάθείας
1050 1441 1265 1530 παρεκτρονιὴν
1278 1439 1408 1523 μόνοις
1414 1465 1444 1518 10

282 1546 388 1622 αὐτοῖς
402 1543 633 1634 ἀκατηγόρητον
652 1543 726 1612 είναι
743 1547 843 1626 δοκεῖ,
870 1542 943 1631 ἡμῖν
959 1547 993 1612 δὲ
1011 1549 1063 1612 καὶ
1078 1543 1164 1630 μάλα
1178 1544 1306 1631 ἣκιστα.
1336 1571 1405 1628 με-

281 1647 519 1738 τειόρουτοίνυν
533 1657 590 1734 τῆς
605 1646 757 1734 ζητήσεως
773 1647 884 1734 οάσης,
913 1651 940 1715 εί
951 1649 1014 1736 χρὴ
1036 1659 1187 1716 κοινωνεῖν
1201 1648 1315 1724 αὐτοῖς
1336 1655 1404 1712 τοῦ

282 1750 564 1836 καινοτομήματος,
593 1755 625 1829 ἐς
647 1749 730 1837 ἡμᾶς
748 1751 784 1818 τδ
804 1755 914 1841 κρίνειν
928 1756 978 1817 καί
1001 1752 1231 1840 ἀποφαίνεσθαι
1251 1747 1402 1838 περιήκει

254 1856 337 1920 λλκαί
355 1853 411 1920 οὐκ
424 1859 467 1931 είς
480 1855 610 1936 uicaria,
637 1852 832 1932 ὖπευθόνους
845 1881 877 1942 γε
891 1853 992 1933 ἀντας.
1019 1859 1045 1922 εί
1060 1855 1095 1922 δὲ
1109 1863 1166 1940 τῆς
1179 1861 1235 1920 τοῦ
1250 1851 1401 1940 μεγάλου

282 1956 407 2042 Πέτρου
422 1957 580 2045 καθέδρας
597 1957 686 2024 αὐτοὶ
705 1956 844 2043 διάδογοι
864 1961 916 2024 καί
938 1956 1122 2046 κληρονόμοι
1143 1960 1289 2044 γενέσθαι
1311 1959 1437 2043 <puelli

285 2061 336 2126 καί
358 2059 448 2126 τοῦτ’
464 2061 627 2126 ἐπισείουσι
644 2059 726 2126 καθ’
742 2059 846 2147 ἡμῶν,
873 2059 1018 2149 καθάπερ
1036 2062 1077 2128 τά
1092 2063 1169 2149 νίφη
1183 2061 1258 2137 τούς
1273 2087 1398 2148 κεραυ-

283 2162 371 2245 υοδς,
399 2162 566 2230 κάντεῦθεν
580 2170 643 2230 τῶν
658 2187 744 2252 σφισι
760 2162 916 2242 δοξάντων
937 2165 1126 2254 αὖτουργοδς
1138 2163 1221 2250 ἡμεῖς
1237 2165 1323 2230 κατὰ
1337 2165 1396 2230 τάν

280 2273 344 2334 τῶν
367 2266 499 2355 ἀκρίτων
521 2262 617 2350 νόμον
640 2267 758 2345 ἀξιοῦσι
778 2268 939 2354 γενέσθαι,
973 2271 1141 2357 φροντίζειν
1162 2268 1199 2334 eei
1216 2265 1289 2353 χρή.
1338 2267 1396 2332 διὰ

280 2370 455 2458 γάρτοῦτο
481 2376 601 2454 μᾶλλον
626 2378 820 2456 μεμισῆσθαι
843 2375 894 2452 καί
918 2369 1138 2460 ἀπεστράφθαι
1169 2373 1301 2452 δίκαιοι,
1343 2369 1394 2437 ότι

253 2479 340 2558 Ετῆς
358 2481 414 2539 τοῦ
438 2471 558 2560 θρόνου
578 2482 670 2559 τιμῆς
695 2475 826 2553 ἀναξίως
843 2473 1057 2564 ίπεπράγεσαν.
1093 2475 1130 2540 οὗ
1149 2475 1208 2561 γάρ
1229 2473 1291 2541 ὅσα
1306 2474 1431 2556 βοά-20

280 2583 387 2642 λονται
396 2625 406 2657 ,
434 2582 536 2642 ταῦτα
551 2581 602 2642 καί
622 2581 811 2663 δογματίζειν
825 2580 958 2644 ἐκέλευσε
971 2577 1128 2663 Κλήμεντι
1151 2581 1203 2643 καί
1223 2588 1290 2654 τοῖς
1313 2580 1389 2664 ε’φε-

279 2683 334 2764 ξῆς
358 2676 514 2771 διαδόχοις
528 2678 545 2747 ὃ
561 2681 684 2766 Πέτρος
692 2731 704 2761 ,
732 2681 805 2747 ἀλλ’
823 2679 883 2750 ὅσα
897 2685 947 2748 δεῖ
968 2681 1073 2772 (φησί)
1099 2685 1220 2764 δεσμεῖν
1234 2683 1287 2745 καὶ
1301 2679 1390 2746 λόεον

279 2777 375 2859 αὖθις
389 2781 449 2850 ὅσα
470 2786 524 2850 δεῖ.
552 2775 638 2851 οὗτοι
653 2787 688 2850 δὲ
699 2784 739 2851 τά
755 2781 869 2861 πάσαις
890 2797 959 2862 ταῖς
979 2783 1080 2871 άγίαις
1094 2784 1313 2869 βεβαιωθίντα
1334 2789 1388 2849 καὶ

280 2887 462 2975 κυρωθίντα
482 2883 624 2965 συνόδοις
644 2887 899 2978 παραδραμόντες
920 2891 963 2966 είς
985 2887 1073 2977 ἔργον
1087 2885 1264 2974 ίξῆνεγκαν,
1288 2885 1384 2972 ἀμό-

348 3017 376 3072 2.
399 3013 483 3086 ruzin
499 3017 541 3084 A„
557 3015 649 3086 ταγάν
665 3018 711 3076 W.

280 3137 327 3244 tt?
339 3119 1381 3263 ttlltffliitltttrltliittiffilttt’uirtuti

280 3259 349 3314 latus
361 3259 452 3314 adacto
467 3260 640 3315 adreraerium
654 3278 727 3315 auum
741 3279 756 3314 e
769 3261 835 3315 viris
853 3279 929 3332 quam
941 3262 1072 3316 celerrime
1087 3261 1228 3314 sustulerit.
1266 3259 1344 3322 Quod
1359 3259 1380 3310 si

281 3329 350 3383 duae
363 3336 450 3398 partes
462 3345 562 3394 eumue,
580 3329 625 3399 qui
640 3330 829 3394 contendimus,
846 3349 897 3384 nec
909 3331 1013 3384 tertium
1025 3331 1144 3384 veritatis
1158 3329 1283 3382 arbitrum
1295 3337 1322 3382 et
1342 3329 1379 3380 iu-

279 3395 362 3452 dicem
375 3399 471 3452 habere
486 3415 633 3468 possumus,
651 3399 776 3468 eequc'da
789 3417 868 3453 cauea
882 3400 1014 3454 alterutris
1029 3401 1062 3454 de
1081 3398 1257 3452 controversia
1288 3413 1378 3450 renun-

278 3467 397 3520 ciandum
416 3475 471 3532 est,
490 3486 536 3522 nos
549 3469 647 3521 illorum
666 3487 723 3522 eese
742 3467 856 3534 iudices,
874 3485 924 3523 non
937 3469 994 3522 illes
1008 3469 1088 3522 uestri
1110 3473 1220 3538 oportet.
1285 3473 1379 3523 ostrum

279 3537 345 3589 enim
359 3537 452 3606 dogma
463 3537 502 3590 illi
515 3555 564 3592 non
579 3538 661 3590 minus
673 3555 747 3607 quam
760 3555 807 3590 nen
818 3544 916 3592 rectum
928 3555 986 3592 esee
998 3537 1149 3592 concedunt.
1176 3537 1378 3591 Additamcuturn

278 3612 364 3658 autem
375 3609 407 3659 ab
419 3606 426 3657 i
430 3606 483 3675 peis
495 3607 669 3674 excogitatum
681 3615 709 3660 et
722 3606 791 3660 illam
804 3625 821 3660 a
832 3613 904 3661 rectu
916 3608 960 3661 rio
978 3609 1164 3661 aberrationem
1177 3605 1225 3658 soli
1238 3603 1276 3658 illi
1291 3623 1378 3674 repre·

279 3673 402 3729 hensione
417 3693 512 3730 vacare
525 3676 687 3741 existimant3
705 3677 779 3729 rrobis
792 3683 877 3730 autem
896 3677 997 3730 urinime
1015 3677 1083 3730 istuc
1102 3675 1213 3729 videtur.
1248 3673 1377 3728 Penderte

277 3740 366 3812 itaque
380 3743 441 3809 lite,
460 3745 519 3798 dum
534 3746 674 3816 quaeritur,
693 3763 725 3798 an
736 3763 803 3799 nova
815 3747 915 3799 illorum
928 3745 1014 3816 opinio
1027 3745 1185 3798 admittenda
1198 3743 1247 3808 eit,
1264 3741 1377 3797 iudimre

233 3843 237 3860 .
277 3817 306 3863 et
327 3813 497 3898 pronunciare
511 3821 630 3897 'ausuum
649 3815 743 3880 luerit,
761 3815 931 3878 neuillorum,
952 3815 1049 3898 quirei
1063 3823 1129 3898 sunt
1165 3813 1243 3877 Quod
1261 3812 1334 3896 eiilli
1348 3831 1376 3865 se
1468 3845 1469 3886 l

278 3881 1375 4022 tillidi:tlt.⁵luititttitdtsttl“limittittitt?
1468 3915 1469 3928 '

278 4019 423 4089 opinionum
441 4037 543 4076 suarum
562 4021 691 4075 ministros
706 4027 734 4074 et
753 4019 937 4092 exsequutores
958 4041 1017 4076 erae
1037 4029 1157 4092 oportere
1177 4021 1327 4091 opinantur:
1349 4019 1374 4072 id

277 4089 379 4144 minime
392 4089 529 4144 curandum
542 4097 589 4145 est
623 4092 667 4144 Ob
682 4091 731 4144 hoc
744 4091 811 4144 enim
825 4091 920 4145 meiere
932 4092 992 4145 odio
1006 4097 1035 4144 et
1052 4089 1212 4146 avarautiene
1229 4087 1301 4158 digni
1310 4099 1375 4152 aaut,

277 4158 347 4226 quod
361 4159 437 4214 aliter
452 4177 527 4230 quam
537 4167 628 4214 sancta
642 4163 704 4214 sede
718 4159 823 4230 dignum
839 4161 875 4214 sit
886 4167 1005 4229 egerunt.
1037 4161 1131 4230 Neque
1144 4159 1210 4212 enim
1224 4158 1373 4212 Clementem

277 4231 305 4278 ct
316 4234 432 4284 ceeterm
445 4247 512 4299 quae
525 4229 622 4284 vellent
632 4229 754 4299 dogmate
765 4237 880 4284 statuere
891 4229 966 4283 iussit
977 4232 1087 4284 Petraea
1103 4229 1151 4282 aed
1164 4247 1196 4281 ea
1207 4227 1298 4297 ligare,
1313 4245 1374 4296 quae

276 4293 379 4362 liganda
395 4305 490 4364 essent,
507 4305 536 4353 et
549 4317 579 4354 ea
592 4299 702 4363 solvere,
719 4316 787 4370 quae
800 4299 922 4353 solvenda
936 4305 1030 4353 easent.
1057 4301 1094 4352 At
1107 4298 1161 4364 isti,
1177 4297 1209 4350 iis
1222 4315 1289 4368 quae
1299 4297 1374 4350 emei-

277 4363 326 4416 bus
345 4369 427 4421 aseris
440 4369 566 4424 conciliis
583 4373 682 4423 statute
693 4375 721 4426 ct
740 4367 847 4424 reeca
867 4377 928 4424 runt
948 4367 1088 4440 neglectis,
1113 4385 1145 4424 ee
1163 4367 1297 4430 iecerunt,
1312 4383 1373 4436 qnae
