3038 4864
368 289 600 386 nononis
623 313 898 386 uirorumue
917 314 980 384 111..
1002 325 1032 387 e.
1185 301 1235 380 57

106 522 111 530 ·
148 481 319 557 Θετταλίας
339 475 427 568 φὴμη
441 487 497 546 τοῦ
520 475 697 548 ἀποστάτου
716 479 848 566 Μιχαὴλ
872 481 981 564 βιαίοις
1000 425 1095 548 deiide
1117 477 1230 548 ἀνθᾶ·
1271 489 1349 614 ὴὲ

143 609 242 650 κουσο
259 586 389 664 λ’στατο,
416 583 456 649 τά
479 585 570 650 ἐκεῖσε
591 584 648 667 τὴν
665 585 812 668 ταχίστην
836 580 1014 652 ἀπελθόντα
1034 581 1230 669 καταστήσα-
1296 607 1331 680 sd

143 694 240 766 σθαι,
269 689 341 771 πρὶν
358 683 419 752 ἀπὸ
435 696 523 775 χεῖρα
542 687 684 772 γενέσθαι
702 683 804 753 πάντα
821 693 866 774 τῷ
888 683 1027 770 Μιχαὴλ.
1060 680 1099 773 ὴν
1117 687 1176 774 γὰρ
1194 686 1230 754 οά
1278 699 1345 754 1258

142 789 254 876 perapsis
268 789 339 854 οάδέ
352 795 455 869 τούτο,
470 787 641 874 δυνηθῆναι
651 799 751 856 πείσαι
768 791 954 856 σπείσασθαι
970 789 1065 878 αύτῷ.
1093 793 1142 854 καί
1157 767 1393 890 priv-fflffiffi

117 905 190 960 5τοι
210 895 263 957 καὶ
276 891 416 979 πρίσβεις
430 893 611 969 ἀποστείλας
627 895 659 970 lg
676 893 807 976 βασιλέα
832 891 909 984 ῥᾷον
930 891 950 977 ὴ
972 892 1052 958 κατά
1073 891 1129 968 τάς
1143 895 1226 958 trul—
1243 907 1277 964 V.
1290 908 1326 963 28

143 999 203 1072 δας
223 994 309 1078 ἴτυχε
329 1002 392 1060 τῶν
406 999 565 1077 σπονδῶν,
593 995 728 1072 ἀποδούς
750 993 851 1064 πάνθ’
874 994 933 1062 ὅσα
954 995 1033 1077 μετὰ
1053 993 1109 1079 τὴν
1126 976 1259 1082 παρα-ἀ

143 1096 312 1180 σπύνιλησιν
333 1093 390 1164 εἷλε
407 1094 564 1182 Ῥωμαίων
584 1095 716 1184 ἀποτελῆ
739 1095 882 1187 φρούρια.
935 1096 1001 1187 (Ε.)
1024 1100 1090 1164 Kal
1111 1099 1164 1163 ‘lou
1187 1097 1233 1182 μὴ

142 1203 365 1288 διατρίβοιμεν,
393 1198 462 1288 ἀρτι
483 1208 538 1267 τοῦ
559 1199 647 1286 ὴλίου
667 1204 735 1288 περί
755 1201 873 1290 τροπὰς
895 1198 1099 1286 τυγχάνοντος
1118 1206 1233 1294 φθινο-Ι

141 1303 295 1388 πωρινάς,
324 1302 490 1386 ἀναλαβὼν
514 1305 555 1370 τὰ
574 1301 727 1388 Ῥωμαὶκά
756 1301 972 1391 στρατεύματα
1005 1303 1083 1370 εάθά
1113 1307 1233 1370 Θεττα-

102 1403 240 1482 lunari
255 1406 400 1489 βασιλεύς
415 1404 582 1493 ἐπορεύετο.
618 1409 697 1474 ἀλλά
711 1407 770 1494 γάρ
785 1406 870 1474 οάπω
886 1408 1068 1474 Μακεδονία
1084 1405 1124 1470 rai
1139 1413 1233 1490 βασι-

139 1509 211 1574 λικοὶ
229 1506 423 1595 στρατόπεδα
437 1507 597 1593 ἀπεδέχετο
622 1514 672 1576 καὶ
695 1507 843 1598 Θεοδύρα
861 1507 882 1596 ὴ
902 1516 957 1576 τού
973 1505 1149 1577 ἀποστάτου
1162 1513 1238 1588 ΜιωΔ

136 1612 223 1696 χαὴλ
240 1612 316 1698 γυνὴ
342 1614 449 1702 ἓφοίτα
467 1613 544 1702 πρὸς
564 1613 658 1679 αὐτὸν
679 1611 876 1680 ἐκτελίσοοσύ
899 1637 933 1679 τε
952 1613 1026 1690 τούς
1042 1609 1160 1700 γάμους
1172 1617 1229 1678 τοῦ
1246 1623 1278 1679 P.
1295 1623 1330 1680 ³3

139 1741 173 1780 τε
198 1715 271 1780 olori
292 1713 474 1803 Νικηφόρον
500 1719 550 1781 καί
579 1720 711 1803 Μαρίας
731 1723 788 1800 τὴς
808 1723 865 1784 τοῦ
889 1717 1041 1801 βασιλέως
1060 1715 1228 1802 θυγατρὸς,

139 1820 193 1883 καί
215 1815 423 1884 ἀποδώσοντα
452 1817 510 1884 ὅσα
532 1819 681 1907 παρεξιὼν
704 1817 721 1886 ὃ
745 1819 822 1907 ἀνὴρ
844 1819 939 1904 αὐτῆς
963 1821 995 1888 iv
1016 1821 1100 1895 λείας
1125 1817 1231 1907 τρόπῳ

101 1932 131 1986 15
139 1918 310 2006 ἀπηγύγετο
329 1922 408 2009 μίρη
432 1929 489 2006 τῆς
511 1929 573 1988 τῶν
592 1919 750 2007 Ῥωμαίων
763 1924 960 2011 ἐπικρατείας.
1004 1925 1055 1990 καί
1073 1915 1113 2006 ὴν
1131 1927 1231 1988 ταῦτα

139 2024 219 2107 μετὰ
233 2024 342 2112 μικρὸν
356 2025 470 2114 ῥᾳδίως
483 2033 527 2115 τῷ
540 2033 664 2107 βασιλεῖ
673 2021 855 2092 τελεσθέντα
874 2028 925 2092 καὶ
938 2022 958 2110 ὴ
976 2023 1123 2113 Θεοδύρα
1141 2020 1232 2110 ἀπῄει

139 2127 219 2212 πρὸς
237 2127 291 2194 τὸν
313 2121 413 2215 ἀνδρα
431 2129 562 2214 Μιχαὴλ
587 2132 638 2196 καί
660 2131 792 2218 Μαρίαν
812 2128 872 2214 ἤδη
887 2127 964 2214 μεθ’
987 2125 1098 2214 ἑαυτῆς
1118 2129 1230 2213 lueys*

138 2231 215 2314 μίνη
231 2231 287 2315 τὴν
302 2233 350 2296 ἐπὶ
362 2237 407 2319 τῷ
422 2231 480 2320 υἱῷ
496 2231 629 2319 νύμφην.

214 2331 257 2416 β’.
274 2333 332 2398 ’.Ἐν
347 2333 468 2411 τούτοις
482 2334 513 2399 d’
530 2336 744 2426 ἀσχολουμένῳ
759 2343 803 2426 τῷ
819 2341 944 2421 βασιλεῖ
957 2331 1125 2422 γράμματα
1142 2335 1263 2425 ipat-l·
1278 2337 1306 2385 ⁰·
1316 2333 1392 2418 ⁸1²5ss

99 2451 181 2504 torn
202 2435 288 2523 nupti
307 2443 371 2503 τῶν
393 2437 534 2504 Νικαίοιν
556 2438 612 2522 τὴν
632 2446 689 2506 τοῦ
712 2436 931 2524 Παλαιολύγου
952 2439 1084 2522 Μιχαὴλ
1107 2440 1138 2514 ἐς
1155 2407 1362 2528 sorlcssp⁰⁸⁵¹⁰⁰'

119 2537 302 2626 ΙΤούρκους
323 2539 423 2627 φυγὴν
443 2541 679 2626 ἀπαγγέλλοντα.
721 2542 805 2632 αύτῷ
826 2541 885 2629 γὰρ
907 2540 993 2619 ἐξιὼν
1014 2541 1071 2626 τὴν
1090 2549 1151 2609 τῶν
1167 2547 1230 2608 Νι-

139 2643 238 2708 καέων
252 2639 414 2727 ἡγεμονίαν
429 2643 601 2732 ἐπέτρεψεν,
620 2647 677 2722 ἕως
693 2643 731 2710 ἀν
746 2645 779 2710 ἐκ
793 2652 855 2713 τῶν
868 2643 1013 2732 ἑσπερίων
1029 2637 1123 2721 αὖθις
1136 2647 1230 2710 ίπαν-

139 2746 219 2832 ε’λθῃ
233 2746 310 2832 πρὸς
330 2747 380 2812 lb.
422 2745 495 2831 ὃδὴ
516 2750 566 2812 καὶ
589 2749 625 2812 οά
646 2751 777 2831 μετρίως
796 2747 993 2830 τὸνβασιλέα
1015 2743 1160 2832 λελύπηκε
1179 2750 1232 2812 καί

140 2851 184 2924 είς
198 2849 335 2935 τἀροιχὴν
353 2849 474 2934 ἐνέβαλε
493 2855 656 2936 λογισμῶν.
690 2847 711 2934 ὴ
726 2851 760 2917 δὲ
774 2849 930 2938 πρόφασις
942 2855 998 2933 τῆς
1012 2855 1112 2936 φυγῆς
1127 2846 1230 2917 τοιάδε
1246 2912 1249 2923 ,

211 3014 254 3068 17.
280 3012 356 3085 πρὸς]
374 3011 452 3087 παρὰ
466 3017 498 3070 Α.
519 3085 524 3102 .

138 3149 278 3205 Thessalia
297 3152 330 3204 de
345 3151 490 3236 foedifrage
507 3152 650 3218 michaele,
685 3167 733 3207 nae
746 3153 927 3224 Imperatorem
939 3168 987 3222 per
997 3148 1048 3204 rim
1061 3149 1230 3216 abstraheret,

138 3170 1232 3359 wimmnnrmnmr
1248 3281 1250 3286 ·

139 3358 283 3412 adiumento
299 3359 348 3412 sibi
359 3361 449 3413 futura
460 3369 537 3415 esset.
559 3313 655 3431 ’Igitur
670 3362 764 3430 legatis
779 3309 816 3416 all
828 3361 1008 3430 Imperatorem
1019 3357 1111 3422 missis,
1128 3376 1174 3426 spe
1189 3357 1231 3410 io-

139 3427 215 3480 cilius
225 3445 315 3496 pacem
327 3430 481 3497 impetravit,
492 3431 619 3484 restitutis
630 3431 744 3484 omnibus
755 3431 877 3494 castellis,
893 3445 959 3498 quse
971 3434 1030 3497 post
1040 3427 1160 3480 violatum
1172 3427 1229 3479 loe·

139 3497 186 3548 dus
204 3497 325 3550 Romanis
343 3497 523 3567 interceperat.
558 3499 619 3568 (V.)
640 3503 678 3553 Ac
695 3517 728 3553 ne
740 3499 837 3552 diutius
854 3515 950 3562 morer,
968 3497 1015 3550 sub
1029 3495 1171 3548 autumnale
1184 3512 1230 3547 ae-

137 3565 292 3630 quinoctium
311 3569 452 3635 Imperator
470 3585 526 3622 cun
538 3569 658 3622 Romania
675 3568 817 3638 legionibus
831 3574 903 3626 recta
914 3567 941 3620 iu
953 3564 1111 3620 Thessaliam
1124 3569 1231 3618 conteu-

137 3635 186 3687 dit.
221 3636 276 3688 Sed
294 3636 440 3706 priusquam
455 3637 609 3692 Macedonia
621 3637 784 3719 Imperatoris
806 3637 893 3706 copias
913 3635 1074 3705 excepisset,
1091 3633 1231 3686 Theodora

137 3701 273 3757 Michaelis
290 3705 428 3774 foedifragi
449 3723 514 3758 uxor
530 3707 555 3760 ei
567 3715 692 3772 occurrit,
709 3713 761 3760 tum
777 3713 807 3760 ut
822 3707 924 3776 nuptias
937 3701 1079 3826 Nicephori
1090 3701 1139 3754 filii
1150 3701 1190 3754 sui
1202 3705 1231 3754 et

137 3772 239 3825 Mariae
254 3773 324 3826 filies
343 3773 508 3844 Imperatoris
527 3777 679 3829 conficeret:
695 3783 750 3828 tum
767 3783 798 3828 ut
812 3787 878 3844 quse
890 3775 995 3827 ruaritue
1014 3771 1106 3840 ongum
1120 3787 1230 3839 progre-

136 3841 231 3894 diendo
249 3842 379 3896 Romanae
399 3844 491 3896 ditioni
503 3861 551 3913 per
563 3844 721 3898 latrocinium
735 3844 860 3914 quoddam
879 3845 1056 3904 subtraxerat,
1073 3840 1230 3892 restitueret.

136 3911 241 3972 Quibus
256 3913 334 3965 rebus
354 3913 430 3980 paulo
449 3921 509 3982 post
518 3913 595 3966 facile
608 3915 641 3983 ab
654 3915 811 3984 Imperatore
825 3913 963 3976 coniectis,
980 3909 1120 3964 Theodora
1131 3909 1165 3962 ad
1177 3925 1231 3962 ura-

136 3979 213 4032 ritum
226 3979 379 4034 Micbnilem
391 3983 539 4048 revertitur,
556 3981 603 4035 filii
620 4001 711 4052 sporua
723 3983 808 4037 illaria
819 4000 903 4036 securo
917 3981 1035 4034 adducta.

203 4049 230 4102 2.
247 4050 284 4102 Iar
304 4051 401 4103 eratori
420 4051 460 4103 his
476 4053 553 4104 rebus
572 4059 697 4122 occuputo
708 4051 803 4104 literae
816 4051 916 4105 Niceee
926 4049 1083 4112 redduntur,
1100 4062 1167 4116 quse
1178 4045 1231 4097 Ps-
1249 4103 1253 4108 ,

135 4116 248 4187 laeologi
264 4067 302 4170 nol
319 4121 421 4172 Turcos
435 4121 522 4190 iugem
534 4119 717 4190 significarent.
753 4121 788 4173 Ei
801 4119 1117 4173 enimabiensNicaensm
1127 4114 1231 4184 preele-

135 4193 252 4250 ctnrm,
269 4187 328 4240 dum
341 4206 375 4241 ex
388 4189 532 4244 Occidente
545 4190 572 4242 in
586 4190 718 4244 Orientem
733 4189 845 4254 rediret,
862 4189 1004 4254 mandarat.
1039 4185 1169 4248 Quaeres
1180 4181 1231 4233 Im-

134 4262 281 4324 peratorem
300 4273 349 4310 nou
365 4257 530 4311 mediocriter
547 4259 725 4324 contristavit,
742 4265 771 4312 et
789 4259 875 4312 subito
892 4255 1075 4325 cogitationum
1088 4257 1161 4305 aestu
1172 4265 1233 4318 per-

133 4323 259 4379 turbavit
294 4325 385 4395 Fugse
394 4343 460 4382 sero
471 4331 621 4398 prsetextus
633 4327 675 4382 bie
685 4329 825 4384 ferebatur.
860 4329 925 4381 Cum
945 4323 1048 4379 videret
1059 4336 1175 4390 mogum
1191 4317 1232 4374 ne
