3072 4854
377 334 610 408 fflsuorttAE
632 329 909 406 BYZANTINAE
921 329 1005 402 vul.
1020 337 1052 403 8.
1082 439 1084 444 Ι
1184 315 1259 394 885

164 501 268 572 Στοὰν
281 511 347 580 σοῖς
361 499 462 588 λόγοις
480 495 658 588 ἀποφαίνεις
672 497 711 566 τό
730 493 772 566 ud
792 497 950 582 βασίλεια,
976 503 1158 584 πριιτονεΐον
1178 519 1258 562 παι·-
1301 505 1377 632 ρὲὸίὲ

1326 650 1358 698 ad

162 610 302 692 τοιλαπῆς
319 607 457 680 παιδείας
470 629 547 693 φαιη
564 629 611 681 τις
624 601 664 670 ἀν
678 599 866 690 οίκειότερον.
901 596 974 668 εἶναι
989 599 1048 688 peip
1062 602 1111 664 aui
1123 599 1253 684 μηάίνα,

166 708 270 776 ὅντινα
291 715 348 794 τῆς
368 715 426 794 σῆς
444 699 676 774 ἀπολελαυκότοι
695 711 818 794 φωνῆς,
846 703 866 788 ἢ
889 705 968 788 δῆτα
983 701 1082 786 μόνης
1096 708 1153 785 τῆς
1166 701 1255 781 θίας,
1296 703 1374 772 ’1398

163 812 209 898 μὴ
226 815 277 878 καὶ
298 812 445 900 ὠφελείας
461 818 519 895 τῆς
537 813 698 896 μεγίστης,
726 807 786 875 ὅσα
802 833 835 894 γε
851 806 929 893 πρός
947 805 1049 890 ἤθους
1065 803 1188 892 ῥυθμὸν
1208 787 1423 908 καλψὲἑὲζὲἱθθ

139 913 302 1002 ὅγνῶσεοις
328 913 440 1000 αάξην,
468 913 512 979 ἔτι
529 915 591 998 μὴν
612 913 691 998 πρὸς
710 911 746 978 τό
770 913 973 996 ίηκομονῆσαι
992 905 1166 994 λόγονςκαὶ
1189 909 1288 978 δια-Β
1392 892 1400 907 ’

164 1021 314 1095 λε’ξασθοι
343 1013 551 1104 ἑτοιμότερον·
589 1019 680 1082 ταυτί
701 1017 805 1080 τοίνυν
830 1015 881 1078 καί
914 1009 974 1078 ὅσα
1002 1005 1203 1098 παραπλήσια
1227 1011 1261 1075 iu

162 1118 259 1206 μόνης
273 1121 309 1205 μί
323 1145 380 1187 σου
399 1127 455 1204 τῆς
469 1116 588 1203 ὁμιλίας
607 1119 664 1184 οάκ
678 1120 752 1184 είσὶν
774 1119 880 1191 οἵτινες
894 1115 949 1181 οόκ
967 1111 1149 1180 ἀπιόνοντο·
1176 1112 1213 1178 ολ*
1225 1111 1258 1176 d’

162 1220 325 1290 ἀπῶναντο
333 1273 344 1304 ,
362 1215 480 1298 ’πάντες
501 1221 556 1310 ἀρ’
579 1224 663 1287 είσίν.
700 1220 775 1296 ἴσως
789 1217 823 1286 δ’
840 1220 897 1284 εἰσὶ
909 1219 960 1283 καί
974 1215 1052 1304 παρ’
1073 1213 1120 1292 οίς
1133 1215 1260 1301 ἀγαθὴν

162 1331 291 1410 λαχοῦσι
311 1326 369 1410 τὴν
392 1321 501 1412 φύσιν,
535 1321 578 1400 ῶς
597 1322 636 1390 ἀν
655 1319 716 1388 ἀπό
739 1318 858 1411 ζεφόρφ
883 1317 1005 1408 πρῶϊνῷ
1026 1315 1129 1385 κόκνοι
1153 1317 1287 1408 ᾄσειανο

121 1441 155 1495 10
163 1429 287 1513 ἐμμελὲς
296 1477 306 1509 ,
336 1425 378 1504 ῶς
399 1429 432 1494 ἀὲ
452 1427 511 1493 κάκ
531 1433 587 1510 τῆς
603 1432 659 1510 σῆς
673 1426 829 1500 ἐπιπνοίας
845 1405 976 1507 ἓμμελάς
992 1419 1008 1489 ἀ
1023 1419 1113 1498 τόκος
1126 1427 1190 1488 τῶν
1201 1447 1260 1487 κα-

161 1537 224 1598 λῶν
240 1527 432 1616 ίξενήνεκται.
468 1526 514 1606 οἷς
532 1530 571 1614 δὴ
587 1537 662 1595 πᾶσι
678 1531 730 1593 καὶ
745 1529 889 1614 κρείττων
907 1531 1013 1614 πολλῶ
1031 1525 1188 1610 φιλοτιμία
1210 1525 1258 1600 τίς

161 1635 262 1719 ἐστιν,
289 1633 319 1698 εἶ’
336 1657 383 1709 τις
398 1631 647 1720 ἀποφθεγμάτων
667 1637 730 1697 τῶν
743 1637 807 1697 σῶν
824 1624 1131 1713 ἀπομνημονεόσειεν,
1157 1624 1178 1710 ἢ
1195 1633 1257 1692 τῶν

157 1733 331 1821 Ὁμηρικῶν
340 1731 528 1822 Ὁμηρίδαις.
556 1728 956 1822 ίξαίρετονχρῆμαῆδονῶν,
973 1727 1084 1797 ὁπόσαι
1098 1728 1143 1796 δι’
1161 1727 1257 1813 ἀκοῆς

160 1839 238 1924 πρὸς
258 1837 364 1922 ψυχὴν
389 1838 565 1916 ἀπαντῶσι,
593 1840 670 1925 φασί
687 1837 744 1913 τὰς
760 1841 909 1924 Σειρῆνας
922 1830 1017 1900 πόλαι
1030 1833 1192 1918 γενέσθαι·
1219 1831 1256 1898 οὗ

119 1947 153 2004 15
160 1941 223 2025 μὴν
237 1937 454 2028 ἀταλαίπωρόν
466 1931 499 2026 γε
506 1989 517 2020 ,
546 1939 592 2006 ὅτι
605 1940 650 2024 μὴ
665 1936 807 2006 θανότον
821 1935 1000 2022 τιμώμενον.
1035 1934 1127 2024 ἢγάρ
1141 1931 1257 2006 τεθνεό-

158 2069 210 2109 ναι
227 2039 401 2109 ἀκούσαντα
415 2041 517 2108 πάνθ’
537 2039 675 2109 όντινοῶν
697 2041 755 2108 ἴδει
763 2091 774 2125 ,
800 2039 821 2128 ἢ
842 2041 886 2126 μὴ
904 2047 987 2129 κηρῷ
1002 2037 1042 2105 τά
1054 2031 1119 2105 ὦτα
1133 2035 1286 2127 papatui-l)

157 2171 250 2230 μενον
274 2145 441 2212 κάντεῦθεν
468 2146 574 2233 κωφόν
594 2157 659 2222 τοῖς
680 2146 798 2212 ἐκείνων
822 2145 925 2229 με’λεσι
946 2145 1102 2224 μείναντα.
1142 2147 1200 2207 ccii
1223 2141 1257 2206 di

156 2251 406 2336 δημηγοροῶντος
430 2248 486 2333 οόχ
506 2247 590 2326 ὅπως
610 2247 647 2315 οὗ
663 2255 747 2337 κηρῷ
767 2233 831 2323 τὰς
846 2246 942 2322 ἀκοὰς
957 2241 1164 2330 ἀποφράττειν
1184 2243 1256 2308 ἐθί-

157 2357 264 2418 λουσιν
268 2401 279 2433 ,
307 2351 380 2417 ἀλλ’
399 2349 608 2434 ἀντικειμένως
622 2347 764 2418 θάνατον
777 2347 941 2434 ἡγοῦνται,
960 2345 1007 2412 ότι
1019 2345 1063 2430 μὴ
1082 2342 1258 2430 πανηκόοος

115 2455 255 2536 Ξθτινάς,
270 2451 313 2530 ῶς
328 2457 429 2534 εἰπεῖν,
445 2453 592 2530 ἀνέδειξεν
607 2451 628 2538 ἦ
643 2436 752 2540 φόσις,
783 2450 885 2538 ῶσπερ
904 2441 959 2516 οάν
972 2449 1045 2524 τοὺς
1056 2445 1213 2524 πανόπτας
1226 2447 1257 2513 οἱ

156 2563 266 2641 μῦθοι.
292 2557 379 2630 τίνας
392 2556 451 2642 γὰρ
465 2556 520 2621 οάκ
536 2555 575 2622 ἀν
588 2552 1020 2640 όπερβίβηκαςΔημοοθίνεις
1032 2557 1071 2638 τῇ
1086 2557 1143 2635 τῆς
1155 2553 1256 2636 όημη-
1362 2577 1364 2588 ⁴

157 2661 263 2745 μορίας
283 2659 441 2747 οίκονομίρι
467 2683 500 2723 τε
526 2659 577 2722 καὶ
601 2655 749 2742 δεινότητι
756 2685 768 2740 ,·
794 2658 880 2731 τίνας
900 2655 934 2720 d'
960 2652 996 2720 οό
1016 2651 1192 2730 Πλάτωνος
1216 2658 1256 2740 τῇ

159 2768 215 2828 τοῦ
224 2766 280 2827 νοῦ
291 2764 481 2852 μεγαλοφιίίφ
495 2785 529 2826 τε
543 2761 593 2826 καὶ
607 2757 769 2844 σεμνότητι
777 2787 791 2846 ,·
815 2759 902 2837 τίνας
915 2756 950 2824 δ’
967 2755 1023 2824 οάκ
1035 2755 1075 2824 ἀν
1089 2752 1283 2844 ἀνηρτήσοιλῑ

227 2939 254 2994 8.
276 2933 385 3010 ἄριστοι
406 2939 474 3010 legit
489 2939 533 2994 W.

157 3093 304 3164 eloquentia
320 3098 368 3154 tua
383 3091 421 3146 ita
441 3092 601 3159 instruxisti,
623 3098 652 3146 ut
670 3093 786 3164 quamvis
805 3091 980 3157 Academiam,
1003 3089 1114 3162 quodvie
1129 3091 1251 3174 Lyceum,

157 3162 273 3234 quamvis
291 3163 378 3216 Stoum
397 3163 501 3228 vincat,
519 3163 586 3232 quod
604 3162 680 3216 multo
701 3162 806 3233 aequius
824 3162 903 3214 omnic
924 3161 1076 3214 eruditionis
1098 3159 1251 3214 demetitum

156 3231 339 3302 appellaretur.
372 3232 455 3285 Nemo
476 3232 541 3285 enim
558 3239 613 3296 est,
630 3231 674 3302 qui
688 3238 735 3285 tua
752 3231 904 3284 ruarieairua
925 3247 989 3282 voce
1003 3231 1105 3294 audita,
1123 3235 1168 3282 aut
1178 3229 1251 3281 uultu

156 3308 254 3354 tantum
268 3307 412 3372 conspecto,
431 3319 479 3354 non
494 3301 625 3354 maximum
639 3300 699 3354 inde
712 3303 820 3353 fructum
842 3299 875 3352 ad
894 3299 1040 3352 iunuandca
1050 3315 1148 3363 morea,
1166 3297 1198 3350 ud
1210 3299 1252 3348 in-

158 3377 312 3422 crementum
325 3370 465 3434 doctrinae,
485 3371 518 3422 ad
531 3369 689 3440 eloquentiae
701 3370 816 3439 copiam,
833 3377 860 3421 et
871 3367 1013 3421 discerendi
1025 3383 1128 3420 acumen
1143 3365 1252 3436 ceperit.

157 3437 231 3493 Haec
250 3439 331 3507 igitur
347 3447 374 3492 et
390 3439 417 3491 id
439 3457 520 3508 genua
538 3438 589 3491 alia
607 3457 623 3492 e
639 3439 693 3492 uolo
711 3455 850 3506 congreacu
869 3445 913 3490 tuo
926 3435 1090 3491 emolumenta
1108 3435 1253 3500 multisunt,

156 3507 203 3576 qui
221 3523 271 3558 ncn
286 3508 463 3577 perceperint:
481 3509 599 3578 quivero
616 3515 799 3578 perceperunt,
816 3523 901 3558 omnen
915 3507 1003 3574 optimi
1018 3515 1162 3559 evaaemnt.
1184 3503 1252 3556 For·

158 3575 236 3628 tassia
250 3575 325 3628 etium
344 3585 404 3630 eunt
423 3577 497 3631 boui·
517 3577 618 3648 quidum
631 3576 742 3645 ingeniis
759 3575 886 3646 praediti,
903 3575 971 3644 apud
984 3591 1059 3644 quoa,
1071 3583 1098 3626 te
1110 3574 1252 3643 aspirante,

156 3643 261 3726 elegant
273 3644 442 3698 institution'u
462 3645 582 3716 egregiae
601 3645 687 3700 foetur
707 3650 846 3716 appareat;
865 3651 892 3697 ut
903 3642 990 3712 cycnis
1013 3641 1124 3706 eccidit,
1141 3643 1186 3714 qui
1198 3657 1252 3694 ma-

155 3719 240 3765 tutino
261 3711 380 3783 Zephyro
402 3713 533 3782 aspirante
558 3714 691 3785 praeclare
713 3721 814 3767 canunt.
850 3713 904 3776 Qui
920 3729 1005 3766 omnes
1025 3711 1102 3780 longa
1120 3711 1202 3779 magia
1220 3725 1252 3764 eo

156 3781 315 3850 glorientur,
331 3782 353 3833 si
366 3783 424 3851 quie
435 3783 500 3836 reite
511 3784 581 3836 dictu
597 3785 643 3836 abs
653 3791 681 3838 te
693 3784 804 3848 reierat,
821 3799 895 3864 quam
904 3780 1074 3845 Eumenidae,
1092 3779 1115 3834 ci
1132 3778 1252 3833 Homeri-

155 3865 200 3904 τινε
213 3849 353 3902 sententiaa
371 3851 507 3904 audierint.
542 3852 663 3906 amnem
679 3851 790 3922 insignis
805 3851 922 3903 Sirenum
936 3849 1008 3903 vocis
1022 3849 1080 3902 ulirn
1095 3863 1252 3918 magnopere

155 3918 286 3972 celebrata
298 3924 345 3970 eet.
382 3920 434 3972 Sed
452 3937 482 3973 ea
495 3937 545 3974 nun
563 3923 618 3974 eine
629 3937 719 3990 magna
734 3919 876 3974 maternitate
890 3927 967 3989 utque
980 3918 1087 3972 interitu
1102 3917 1187 3970 andri
1201 3933 1251 3986 pu·

154 3987 219 4042 tuit:
236 4005 284 4040 nec
296 3987 340 4039 ulli
353 3997 497 4042 manserunt
508 3989 662 4054 incolumes,
680 3991 731 4043 uisi
744 4005 819 4044 auter
832 4005 891 4041 cera
904 3990 1064 4041 obturameut
1081 3987 1181 4056 cibique
1204 4001 1252 4038 au·

154 4055 240 4110 aiendi
260 4073 359 4110 aeneum
371 4057 532 4112 ademissent.
566 4060 608 4112 Te
625 4077 688 4112 reru
707 4059 873 4112 concionante
896 4065 992 4111 tanturn
1007 4058 1081 4109 abeat
1099 4071 1174 4108 aures
1190 4069 1251 4108 cera

153 4131 184 4178 nt
204 4127 336 4190 obturent,
353 4133 384 4178 ut
400 4127 489 4179 mortiu
506 4127 587 4179 inetur
607 4127 717 4191 ducunt,
735 4126 803 4196 quud
821 4133 914 4179 nutura
926 4143 971 4179 εοτ
985 4143 1035 4178 nun
1048 4126 1081 4177 ab
1095 4123 1162 4175 cruni
1174 4127 1251 4188 parte

151 4193 251 4248 auritos
262 4195 364 4258 iecerit,
376 4195 445 4248 sicut
454 4193 556 4248 fabulae
567 4197 690 4265 quondum
703 4195 790 4266 piemon
804 4196 932 4248 carlorum
943 4195 1024 4247 suinae
1035 4192 1150 4246 tradunt.
1175 4189 1249 4252 Quor

152 4261 219 4316 enim
237 4263 421 4316 Demosthenen
441 4265 587 4317 conmanunt
605 4265 715 4318 artificio
726 4272 761 4316 et
773 4263 801 4318 ri
813 4281 863 4316 non
877 4261 1025 4334 superantii
1046 4275 1110 4332 quur
1123 4273 1172 4312 nun
1186 4257 1250 4309 Pta-

77 4391 81 4398 ,
151 4337 227 4388 tonet
237 4333 334 4404 ingenii
347 4331 522 4404 magnitudine
529 4341 557 4390 et
564 4334 693 4405 gravitate
706 4333 817 4390 vicarit
831 4333 974 4398 Quaerere
985 4347 1037 4388 nou
1045 4331 1084 4384 itu
1098 4327 1146 4384 tibi
1158 4325 1251 4382 deriu-
