2998 4872
294 321 367 381 mr
517 319 751 388 NICEPHORI
771 319 1010 388 GREGORAE
1030 321 1148 389 VITA.

293 501 364 542 nere
387 479 474 540 dixit.
506 480 550 538 lta
563 478 671 540 sensim
683 487 714 538 et
725 479 789 539 sine
801 497 890 538 sensu
901 478 1050 557 producta
1061 479 1095 537 in
1108 479 1236 539 medium
1249 497 1282 538 ea
1296 489 1386 558 quam

292 575 356 627 erat
367 564 595 646 praemeditatus
613 563 797 644 quaestione,
814 583 897 622 suam
912 563 948 623 de
965 563 1012 624 die
1021 561 1154 644 paschali
1171 563 1386 624 constituendo

294 650 470 712 sententiam
491 651 659 710 luculenter
682 647 842 730 explicuit:
872 647 1070 727 investigandi
1090 649 1270 730 aequinoctii
1287 651 1387 724 verni,

291 737 364 798 item
377 735 534 818 plenilunii
550 735 726 798 observandi
740 733 885 794 rationem
898 734 1036 794 tradidit:
1058 735 1096 793 ad
1108 735 1170 794 dies
1185 753 1308 811 ccmxv,
1330 735 1389 814 qui

295 841 407 882 annum
429 821 553 882 solarem
572 821 804 897 constituerent,
834 819 982 898 integrum
1004 819 1092 878 unius
1108 820 1166 879 diei
1189 819 1389 898 quadrantem

293 925 357 968 non
372 906 477 966 debere
493 905 564 966 addi
578 906 725 982 ostendit,
747 905 798 964 sed
812 904 1014 964 deducendam
1029 905 1101 964 inde
1115 915 1230 985 partem
1247 904 1306 963 diei
1319 904 1390 964 bre.

292 990 454 1068 vissimum,
465 1011 530 1050 non
543 999 642 1050 menen
654 990 889 1051 trecentesimam
900 991 994 1070 ipsam
1008 1009 1132 1071 prorsus
1139 1035 1148 1066 ,
1170 999 1205 1049 ut
1221 989 1391 1048 censuisset

241 1139 243 1147 .
292 1077 493 1140 Ptolemaeus:
515 1075 571 1134 alia
586 1075 712 1155 denique
725 1077 818 1135 multa
832 1075 864 1134 in
879 1095 942 1134 eam
961 1095 1023 1135 rem
1039 1075 1202 1154 congessit,
1224 1075 1392 1154 exquibus

292 1161 328 1222 id
346 1161 545 1238 efficiebatur,
567 1162 603 1221 ab
626 1181 704 1220 anno
719 1160 822 1220 mundi
847 1161 908 1220 fere
929 1179 973 1219 vr.
986 1181 1084 1237 noco,
1117 1160 1171 1239 qui
1192 1159 1251 1218 luit
1274 1157 1393 1219 Christi

293 1265 436 1322 araxen,
458 1255 588 1306 erratum
610 1265 673 1307 ease
693 1246 727 1306 in
746 1245 884 1326 ponenda
902 1253 1071 1326 temporam
1090 1246 1221 1317 ratione,
1243 1252 1331 1323 atque
1353 1243 1393 1302 in

293 1330 445 1392 Paschatia
464 1331 513 1390 dia
536 1331 736 1407 observand03
764 1351 832 1390 eum
854 1349 926 1390 vero
948 1349 1079 1391 errorem
1101 1329 1144 1388 ite
1158 1348 1246 1410 posse
1267 1329 1393 1408 corrigi,

294 1416 322 1475 ai
348 1415 386 1475 de
413 1415 528 1475 dierum
548 1435 662 1478 summa
683 1416 774 1498 paulo
801 1416 869 1496 plus
906 1415 996 1476 biduo
1025 1415 1142 1492 integro
1171 1413 1393 1490 detraheretur,

294 1509 325 1561 st
346 1498 498 1562 Paschatis
523 1501 690 1562 observatio
720 1501 859 1581 proxime
885 1509 954 1560 ante
984 1501 1062 1559 diem
1083 1499 1186 1560 Martii
1209 1499 1396 1578 vigesimum

292 1583 518 1659 institueretur,
567 1605 643 1666 quae
678 1607 695 1644 o
722 1585 863 1664 vigesimo
901 1585 1033 1644 secundo
1071 1603 1228 1666 perperam
1268 1584 1395 1644 institui

294 1671 413 1730 soleret.
461 1669 625 1750 imperator
648 1670 807 1730 consilium
842 1669 880 1728 de
904 1669 1045 1730 Paschate
1073 1669 1250 1748 corrigendo
1274 1668 1396 1750 proba-

292 1754 341 1816 vit
349 1776 358 1831 ;
379 1773 443 1814 rem
456 1753 553 1834 ipsam
568 1755 686 1836 aggredi
698 1754 817 1832 noluit,
839 1754 922 1834 quod
940 1763 1060 1833 negaret
1074 1755 1163 1815 facile
1176 1773 1238 1814 esse
1254 1755 1396 1813 omnium

292 1839 449 1899 nationum
463 1838 603 1920 suffragia
628 1841 783 1919 colligere,
804 1848 833 1899 et
853 1849 1007 1921 receptum
1026 1848 1091 1899 toto
1117 1839 1188 1900 orbe
1210 1859 1298 1899 usum
1313 1839 1396 1898 abo·

293 1922 367 1984 lere.
410 1925 557 2003 Gregoras
580 1927 755 1986 sententiam
771 1925 822 1983 alii
845 1935 948 2005 postea
970 1924 1132 1984 astronomi
1154 1923 1394 2004 chronologiqua

295 2009 507 2086 defenderunt,
528 2019 616 2091 atque
627 2011 763 2091 inprimis
775 2009 858 2068 isaac
873 2010 1013 2090 Argyros.
1056 2010 1181 2069 Saeculo
1205 2009 1393 2070 demum'de-
1489 2077 1490 2080 Ἴ

292 2093 373 2153 eimo
391 2103 491 2170 sexto,
513 2115 546 2154 ea
560 2096 731 2175 quaestione
747 2095 828 2175 apud
840 2095 961 2154 Latirros
985 2113 1104 2174 quoque
1127 2095 1253 2173 agitata,
1275 2096 1394 2154 hien-

295 2177 412 2238 darium
433 2197 472 2238 ex
485 2182 662 2240 auctoritate
675 2179 810 2259 Gregorii
825 2179 904 2258 Xlll,
927 2201 960 2239 eo
977 2181 1038 2239 sere
1052 2180 1153 2258 modo,
1168 2199 1257 2260 quern
1273 2181 1392 2259 Grego-

293 2281 342 2323 ras
356 2263 574 2344 designaverat,
595 2267 790 2326 reformatum
801 2263 868 2342 fuit.

376 2365 464 2426 Anno
488 2386 653 2428 ncccxxvr.
675 2367 788 2446 legatus
804 2365 862 2425 ivit
876 2364 915 2425 ed
931 2365 1046 2426 Gralem
1063 2363 1101 2447 ¹).
1144 2365 1216 2428 Eius
1232 2365 1393 2445 legationis

294 2467 382 2509 cansa
395 2449 469 2510 haec
484 2453 550 2510 luit.
579 2451 730 2512 Theodori
744 2450 922 2512 Metochitae
935 2449 996 2510 filia
1007 2453 1103 2530 Irene,
1127 2461 1245 2512 mortuo
1263 2451 1393 2532 coniuge

293 2533 404 2594 Ioanne
419 2535 608 2614 Palaeologo,
632 2537 685 2616 qui
699 2555 737 2596 ex
751 2535 1021 2617 Paohypersebasto
1038 2537 1145 2598 Caesar
1160 2545 1276 2598 creatus
1288 2537 1394 2597 noris-

292 2619 367 2679 sime
380 2621 491 2697 fuerat,
512 2623 592 2702 apud
610 2622 724 2681 Cralem
740 2630 881 2700 generum
895 2621 1083 2701 morabatur,
1106 2643 1140 2682 ac
1157 2623 1278 2683 domum
1288 2621 1393 2684 redire

292 2703 331 2763 ed
346 2713 460 2785 patrem
474 2705 637 2765 recusabat.
678 2705 781 2785 Itaque
796 2705 971 2766 Metochites
986 2716 1072 2788 pater
1093 2717 1197 2768 auctor
1217 2707 1276 2767 fuit
1289 2708 1393 2788 lmpe-
1488 2713 1489 2744 t

291 2789 402 2866 ratori‚
425 2799 460 2850 ut
474 2811 537 2850 eam
554 2791 651 2850 redire
669 2799 795 2870 cogeret.
837 2793 880 2851 De
899 2811 932 2850 ea
947 2813 980 2852 re
999 2793 1082 2851 missi
1101 2793 1139 2852 ad
1157 2791 1271 2852 Cralem
1291 2793 1391 2870 legati,

292 2893 419 2952 quorum
434 2895 511 2935 unua
526 2876 585 2935 suit
598 2877 758 2954 Gregoras,
779 2897 876 2936 comes
892 2876 977 2936 datus
991 2877 1078 2938 fratri
1092 2877 1186 2958 ipsius
1199 2877 1310 2958 irenes.
1352 2879 1394 2938 In

291 2977 325 3016 ea
339 2959 499 3036 legatione,
522 2981 595 3039 quae
607 2961 663 3021 sibi
675 2971 705 3020 st
719 2961 808 3022 sociis
822 2963 884 3021 suis
897 2961 930 3019 in
940 2961 1046 3022 itinere
1062 2962 1241 3038 acciderint,
1264 2983 1392 3040 errores,

292 3044 442 3122 pericula,
465 3055 495 3104 et
510 3045 584 3106 alios
598 3067 684 3107 casus
699 3047 763 3106 fuse
779 3047 921 3108 describit
935 3047 968 3107 in
985 3045 1127 3108 Historia.
1171 3047 1272 3108 Crales
1287 3047 1393 3108 audita

292 3127 439 3205 legatione
460 3149 579 3192 socrum
604 3133 709 3192 irenen
733 3132 856 3193 dimisit.
897 3131 988 3209 Haec,
1014 3142 1050 3191 ut
1065 3131 1131 3192 viro
1145 3132 1223 3192 iusta
1236 3133 1394 3215 persolve-

292 3221 354 3292 ret,
376 3213 617 3276 Thessalonicam
639 3218 711 3277 inde
725 3220 861 3297 prolecta
884 3229 936 3278 est.
980 3217 1126 3296 Gregoras
1147 3237 1234 3296 vero,
1257 3218 1392 3299 acceptis

294 3297 331 3356 ab
346 3319 380 3360 ea
395 3299 558 3376 mandatis,
580 3301 757 3380 Byzantium
775 3302 874 3362 rediit.

375 3399 502 3461 Biennio
525 3399 634 3484 postff)
661 3399 762 3461 iunior
782 3401 973 3464 Andronicus
993 3404 1274 3486 Constantinopolin
1296 3413 1393 3465 noctu

291 3501 347 3563 per
363 3485 567 3562 proditionem
583 3487 733 3566 ingressus
750 3497 805 3547 est.
849 3488 964 3548 Seniori
979 3499 1109 3571 potestas
1127 3491 1223 3550 omnis
1240 3491 1392 3568 abrogata.

292 3565 442 3627 Theodori
457 3567 634 3630 Metochitae
649 3571 754 3630 domus
775 3571 907 3654 direpta:
929 3574 994 3654 ipse
1007 3573 1255 3654 Didymotichum
1274 3575 1392 3654 relega-

290 3661 341 3711 tus
353 3648 397 3734 ⁸),
418 3653 497 3714 unde
514 3663 584 3735 post
602 3655 755 3716 biennium
775 3667 934 3718 revocatus
954 3659 1076 3718 domurn
1091 3660 1191 3720 rediit.
1234 3659 1391 3738 Gregoras,

291 3737 345 3814 qui
358 3737 474 3799 easdem
489 3749 587 3820 partes
604 3751 747 3821 sequutus
761 3742 875 3819 luerat,
896 3741 981 3804 bonis
995 3745 1158 3825 spoliatus,
1179 3753 1210 3804 at
1224 3765 1286 3804 non
1302 3746 1393 3804 etiam

290 3821 323 3879 in
344 3821 466 3882 exilium
484 3825 591 3884 missus
604 3823 643 3907 ⁴).
686 3827 834 3887 Nimirum
848 3825 933 3904 huic,
955 3829 1026 3908 quia
1046 3831 1108 3888 otio
1130 3837 1160 3888 et
1177 3829 1393 3908 tranquillitati
1486 3817 1487 3872 l

291 3925 408 4002 temper
421 3909 596 3988 studuerat,
618 3931 674 3972 nec
694 3913 817 3992 publica
831 3913 947 3990 negotia
962 3923 1160 3993 tractaverat,
1184 3914 1280 3976 levior
1292 3935 1392 3996 poena

290 4001 419 4072 irrogata
432 4004 485 4054 est.
521 3995 591 4055 Fuit
605 4017 723 4077 quoque
737 3997 765 4058 ei
779 3997 806 4056 is
818 3997 947 4078 annual)
961 3998 1081 4059 Ioannis
1094 3999 1253 4060 Heracleae
1270 3999 1392 4060 arehie-

325 4175 356 4242 1)
378 4175 447 4229 Hist.
465 4177 508 4231 lib.
524 4195 582 4233 aru.
603 4197 628 4234 e.
647 4178 688 4236 tt.
773 4181 805 4250 2)
827 4183 858 4236 A.
875 4183 907 4236 G.
926 4199 1092 4238 aocoxxrnr.
1116 4201 1202 4239 meare
1223 4185 1301 4240 Maio.
1329 4184 1391 4240 Lib.
1485 4193 1486 4196 ’

357 4257 395 4296 nr.
412 4263 434 4297 a
448 4249 474 4302 6.
489 4255 516 4300 et
533 4250 560 4304 7.
629 4249 662 4316 8)
686 4247 788 4320 Dialog.
805 4252 868 4321 aral
887 4253 989 4325 σοφίας
1011 4253 1068 4310 eod.
1091 4271 1147 4325 reg.
1169 4251 1247 4314 ³284.
1265 4253 1310 4311 tot
1327 4252 1392 4314 24⁷.

360 4309 392 4380 4)
409 4314 516 4373 ruam.
585 4319 691 4388 nus.
707 4335 745 4374 a.
764 4337 787 4374 s.
800 4319 825 4374 7.
