2998 4872
335 339 569 442 mesenen
590 339 829 410 succensu
848 339 968 409 vrrs.
1122 349 1208 400 xum

102 499 267 584 patrm
289 507 380 580 stqos
391 499 465 565 hinc
478 509 634 561 sommam
646 519 682 561 eo
693 500 853 584 ipw'mno
864 499 1028 560 dseashss
1037 498 1120 562 credi
1132 519 1209 582 pos-

100 589 169 650 sits
189 587 243 650 sed
262 605 297 645 ss
309 595 429 646 uncum
443 583 616 647 coniectus·
631 595 690 665 ost,
711 605 774 647 uon
789 595 994 666 ugumertm
1008 588 1131 648 omnino
1147 607 1209 648 osr-

101 683 191 736 tum.
231 672 337 752 risque
352 691 427 733 vero
447 672 531 734 deest
541 673 697 754 'suspirio,
717 671 834 732 ideirco
849 672 1010 752 Gregorm
1032 671 1070 733 ssi
1098 691 1210 732 ennam

104 757 378 820 chnsfiuscem
399 758 598 819 narrationem
619 759 813 841 perduxisse,
836 775 896 838 qno
917 755 1058 818 hoeretioi
1075 759 1211 821 Pslsmse

103 843 284 926 phrenesim
306 853 338 904 et
361 842 476 904 exitum
495 843 678 905 exhscrits
698 843 1024 906 foedissimominfins
1043 845 1210 925 qundo-

105 929 272 1006 scribsret3
294 939 330 989 ut
348 947 437 1009 quem
450 929 550 991 vinum
567 929 689 1012 ospitsli
706 931 756 990 irs
768 929 875 992 virum
890 927 1088 1010 persequutus
1102 931 1209 1014 fustor,

103 1015 144 1075 in
155 1019 223 1076 eins
235 1025 332 1076 mons
346 1015 431 1074 volut
443 1011 537 1076 stadio
552 1017 677 1078 decurso
692 1017 793 1076 victor
803 1017 1038 1096 conquiesceret.

197 1099 241 1160 Ea
259 1101 318 1160 fuit
337 1101 568 1178 Pelsnsitsrum,
594 1103 734 1184 inprimis
759 1102 872 1163 Callisti
892 1097 1212 1182 patriarchatuum·

104 1186 260 1264 menites,
282 1195 318 1245 ut
340 1186 394 1266 qni
414 1187 453 1246 sb
473 1205 578 1248 eoram
598 1189 808 1248 communione
825 1188 953 1268 sepes-sti
975 1186 1141 1260 vixissent,
1162 1204 1213 1243 eos

104 1280 323 1352 postmortem
343 1272 509 1353 insepultos
523 1274 633 1358 proiioi
644 1274 789 1346 iuberent,
812 1273 935 1334 crnibus
949 1281 980 1332 st
995 1271 1074 1351 lupis
1087 1269 1215 1350 praedae

106 1357 235 1417 intereos
249 1355 284 1436 1).
327 1357 418 1430 Quod
433 1359 534 1439 siqui,
557 1359 723 1420 communis
738 1367 863 1419 notares
877 1357 1059 1420 verecundis
1078 1365 1109 1415 et
1123 1355 1215 1414 mise-

106 1443 230 1502 ratione
244 1443 375 1522 permoti
381 1487 391 1519 ,
412 1441 536 1504 illorum
558 1466 686 1525 corporo
699 1444 890 1520 humassent,
910 1459 1025 1502 novum
1043 1441 1156 1502 mimeu
1172 1441 1215 1498 si-

106 1527 177 1586 mili
190 1547 287 1607 poeua
297 1527 445 1591 luebetur.
476 1531 551 1590 Eam
564 1530 758 1608 ignominiam
770 1528 930 1589 Pelsmitse
938 1526 967 1610 ²)
975 1526 1152 1608 iampridem
1158 1526 1184 1586 N
1187 1526 1215 1582 i-

109 1610 244 1692 cephoro
270 1612 418 1692 Gregorse
436 1613 692 1674 denunciaverunt
704 1612 741 1694 ⁸).
783 1613 864 1674 Huic
880 1622 979 1672 autem
996 1611 1216 1694 optatissimum

108 1697 144 1758 id
157 1706 233 1774 erst,
255 1697 293 1756 sd
305 1699 442 1778 martyrii
456 1699 586 1779 palmam
600 1697 752 1780 aspiranti.
794 1699 901 1778 Itaque
912 1707 942 1757 et
954 1695 1014 1756 hoo
1024 1705 1144 1778 praeter
1158 1695 1215 1754 slis

107 1781 316 1860 Agethsngelo
327 1793 518 1864 praeceperat
537 1781 585 1870 4),
597 1785 641 1852 [ut
654 1801 722 1844 cum
733 1803 796 1846 sess
813 1793 967 1843 mortuum
975 1781 1104 1861 serisque
1119 1801 1215 1862 expo-

111 1867 213 1926 situm
238 1877 449 1948 conspecturus
463 1878 556 1948 esset,
579 1868 660 1929 omni
679 1890 804 1949 prorsus
817 1867 970 1928 cadaveris
983 1867 1129 1927 humandi
1144 1885 1216 1926 curs

111 1961 147 2012 et
165 1949 249 2010 insui
272 1952 372 2014 labore
394 1955 609 2036 supersederet.
656 1955 750 2014 Porro
777 1963 807 2015 et
831 1951 1042 2014 Pilsmitsrum
1065 1949 1164 2012 minse
1188 1961 1217 2010 et

111 2037 265 2118 Gregoroe
286 2048 358 2099 vota
379 2037 524 2100 hactenus
538 2049 605 2099 rata
620 2041 765 2100 suerunt'
794 2037 1000 2120 Spectandum
1013 2035 1095 2098 illud
1106 2033 1216 2116 corpus

109 2126 223 2204 magni
245 2123 334 2182 Fidei
354 2145 443 2185 verae
459 2127 624 2206 praeconis
638 2124 985 2208 (inquitGyperissiotes
1001 2120 1029 2205 ι)
1055 2120 1113 2182 diu
1133 2120 1217 2180 Iudi·

110 2209 180 2268 brio
187 2209 587 2270 habitumetcircunslaturn
593 2234 604 2286 ,·
621 2214 685 2270 eius
694 2231 795 2292 nempe
810 2214 879 2288 viri,
895 2231 955 2292 quo
969 2205 1217 2287 necinterpizih-

110 2293 228 2374 sophos
253 2299 419 2376 quisquam
438 2297 643 2373 excellentior,
663 2318 717 2355 nec
740 2300 817 2355 inter
833 2308 952 2356 ascetae
966 2293 1148 2374 disciplinae
1162 2293 1218 2350 ob-
1267 2319 1269 2327 ⁴

111 2383 300 2460 servantior3
322 2385 427 2440 necin
449 2381 596 2442 obeundis
611 2403 670 2461 pro
690 2383 835 2464 religione
854 2381 1085 2456 certaminibus,
1108 2398 1162 2437 nec
1182 2379 1217 2436 in

110 2469 155 2524 iie
169 2465 286 2546 quibus
299 2475 462 2525 tentatores
474 2489 542 2526 eum
555 2479 703 2528 vexarunt
713 2467 991 2548 persecutionibus,
1015 2463 1218 2538 contumeliis,

113 2555 304 2631 carcereque
315 2555 474 2631 angustiis
487 2551 654 2612 tolerandis
665 2555 854 2612 constantior
865 2553 934 2630 fuit
939 2577 951 2629 ,-
974 2547 1156 2610 admirandi
1168 2551 1219 2607 in-

114 2658 212 2718 quam
232 2639 321 2696 illiue
343 2639 597 2700 NIOEPHORI
615 2638 876 2716 GREGORAE,
898 2637 934 2697 de
956 2659 1017 2722 quo
1026 2655 1083 2720 per
1100 2647 1220 2695 utram-

114 2743 175 2802 que
194 2725 429 2802 appellationem
450 2725 532 2783 nilsil
544 2727 629 2785 Deae
643 2725 735 2784 aliud
755 2725 959 2808 significarit,
981 2725 1044 2784 nisi
1063 2743 1131 2782 eum
1143 2723 1220 2780 ani-

114 2829 166 2866 mo
189 2809 281 2888 vigili
294 2820 322 2867 et
335 2821 499 2889 esperrecto
518 2813 665 2868 victoriae
680 2811 718 2870 ab
736 2811 874 2870 hostibus
892 2811 1033 2870 veritatis
1047 2815 1221 2886 reportatu-

115 2913 201 2955 rum.
250 2895 317 2954 Hoc
340 2895 435 2973 elogio
444 2903 606 2956 mortuum
633 2895 793 2974 Gregorsm
821 2895 947 2956 ornabat
965 2896 1091 2954 Ioannes
1118 2893 1223 2970 Cyps-

114 2977 271 3056 rissiotes3
288 2999 326 3040 ex
338 2981 425 3040 cuius
438 2981 545 3061 grandi
559 2979 713 3041 volumine
726 2983 912 3062 Hotapsssoiv
920 2972 1121 3062 παραβάσεων
1129 2975 1223 3035 horos
1247 2973 1250 2982 ’

39 3073 43 3084 “
116 3063 200 3123 duos
214 3063 335 3126 selectos
344 3067 447 3126 Latine
460 3067 568 3146 vertit,
586 3075 616 3126 et
629 3065 664 3126 in
672 3067 770 3126 lucem
784 3069 902 3148 primus
910 3065 1016 3146 edidit,
1031 3065 1068 3125 n.
1084 3063 1116 3124 P.
1124 3061 1222 3123 Fren-

116 3148 218 3210 circus
232 3149 446 3214 combefisius.

205 3235 354 3315 Gregoroe
372 3237 446 3297 ritis
467 3235 579 3318 (neque
601 3237 679 3297 enim
695 3237 758 3296 eius
777 3233 934 3318 scriptoris
956 3245 1019 3294 torn
1036 3233 1137 3314 inepte
1155 3251 1223 3292 sum

117 3319 235 3394 nator,
266 3323 410 3382 utnulla
437 3321 577 3384 habuisse
596 3339 664 3383 eum
688 3319 879 3407 contendam)
907 3321 1038 3380 marion
1060 3318 1223 3398 conspicue

117 3401 194 3464 haec
213 3406 346 3470 innunt.
397 3407 506 3490 Asper,
529 3417 684 3485 austerus,
709 3409 865 3488 pertinax,
888 3407 1042 3488 Principes
1067 3423 1159 3484 aeque
1188 3421 1223 3460 so

118 3490 257 3571 privatos
281 3493 401 3570 linguae
423 3493 589 3575 petulantis
608 3493 749 3556 offendit:
779 3493 995 3574 philosophus,
1019 3491 1117 3551 animo
1141 3487 1224 3550 houd

119 3575 298 3656 imperavit:
320 3578 498 3656 historicus,
518 3577 651 3659 portium
674 3579 813 3640 effectum
837 3599 899 3638 non
918 3578 1016 3638 exuit:
1037 3576 1150 3656 glories
1168 3575 1223 3634 de·

121 3660 214 3740 nique
235 3662 401 3742 cupiditate
424 3674 453 3724 et
472 3685 573 3723 emore
586 3665 632 3724 sui
652 3665 748 3746 ipsius
772 3665 865 3723 nimio
880 3663 1038 3723 loboravit.
1081 3661 1170 3721 Plura
1190 3658 1223 3716 in

120 3747 194 3806 stilo
214 3747 478 3827 reprehenderim
499 3749 638 3830 inprimis
663 3747 842 3830 κακοζηῑία,
865 3769 917 3809 seu
936 3747 1090 3808 ambitiosa
1104 3745 1223 3823 elegen-

120 3831 182 3891 tire
205 3831 375 3908 affectatio,
397 3835 514 3915 poetice
528 3835 702 3904 ¹verborum
726 3837 878 3912 luxuries3
908 3833 1021 3913 figurae
1042 3833 1223 3905 insolentes3

67 3937 69 3942 ·
119 3915 304 3998 hyperbstn3
328 3921 449 3981 crebrae
471 3939 532 3980 non
546 3921 635 3980 modo
648 3919 811 3981 verborum
830 3921 884 3980 sed
900 3929 930 3979 et
943 3919 1160 3980 sententiarum
1173 3937 1223 3976 re-

120 4004 292 4084 petitiones.
336 4005 427 4078 Quod
450 4005 708 4066 sicoofersndum
730 4006 900 4086 exemplum
916 4012 976 4083 est‘,
997 4003 1132 4064 inlibris*
1144 4001 1224 4062 eius-

159 4153 193 4222 1)
215 4153 274 4208 Lib.
293 4171 372 4210 runs.
397 4175 421 4213 o.
439 4159 464 4212 1.
538 4158 570 4226 Ξ)
592 4157 649 4210 Lib.
668 4173 744 4212 xnsv.
819 4157 852 4222 8)
876 4159 914 4210 tto
937 4155 991 4226 ipsi
1014 4156 1095 4210 etism
1114 4150 1226 4222 ignatio,

194 4223 358 4292 pstrierchoe
375 4225 542 4280 Antiocheno.
582 4227 647 4281 Vide
665 4227 701 4280 Io.
715 4226 919 4296 Cyparissiotsm
939 4226 1124 4280 Polemiosrum
1142 4228 1228 4272 trent·

194 4295 615 4360 grmnnumSerm.1v.c.ult.
685 4294 717 4368 4)
737 4296 838 4351 Histor.
855 4295 899 4350 iib.
918 4311 1005 4350 rxvu.
1075 4294 1107 4362 5)
1131 4289 1228 4344 Palam.

195 4367 351 4433 ωιτη.
368 4366 449 4420 Senn.
468 4381 506 4420 ιν.
523 4381 582 4438 sep.
602 4369 624 4422 i.
