3098 4866
293 347 305 406 '·
415 361 648 432 nuncnune
667 361 942 430 nuzsnumlu
965 359 1034 430 vu.
1055 369 1087 433 ι.
1212 349 1290 426 253

194 521 301 598 κύοιοι.
328 530 409 610 πεζοί
424 527 452 594 δ’
466 524 542 617 ῦπίρ
555 527 629 606 τοδς
644 525 897 612 ὀκτακισχιλίους·
920 523 1017 610 οἷήσις
1029 526 1064 592 δέ
1077 527 1128 594 καί
1141 521 1286 616 φρύνημα
1335 533 1366 588 Α.
1383 539 1411 589 c.

196 633 274 698 πολδ
293 630 329 698 soi
344 629 519 719 παράλογον
533 631 707 716 κεκτημίνη.
742 631 845 716 ἤλπιζε
856 629 915 718 γὰρ
930 629 966 696 ού
979 625 1076 712 μόνον
1093 630 1166 706 τοῦς
1181 635 1286 697 Κατε-
1336 605 1406 726 ¹32²

196 731 308 810 λύκους
328 733 437 802 οάτίκα
459 732 737 822 συγκατασφάξειν,
764 733 843 799 ἀλλά
859 735 910 798 καὶ
931 727 1034 809 πάσας
1056 731 1163 820 ἐφεξῆς
1179 730 1286 820 χώρας
1337 741 1406 800 1³28

197 840 247 904 καί
271 833 373 932 πόλεις
390 837 459 924 ἀχρι
475 843 530 922 τῆς
548 839 737 918 Βυζαντίδσς
754 838 828 914 ἕξειν
841 832 1039 924 δπσχειρίους.
1074 835 1109 902 τδ
1124 837 1158 902 δέ
1170 829 1209 921 ἦν
1224 814 1452 944 nislrfflrssl'

171 938 384 1006 δτούναντίον.
419 942 480 1006 ἐπεὶ
498 939 557 1027 γὰρ
575 942 606 1006 ἐν
622 937 722 1030 ἐαυτῷ
736 943 787 1005 καί
802 939 858 1006 οῦκ
879 941 911 1006 ἐν
925 945 964 1026 τῇ
976 939 1056 1026 χειρὶ
1069 945 1126 1006 τοῦ
1141 945 1219 1005 θεοῦ
1232 939 1289 1024 τήν

196 1047 259 1108 τιῦν
272 1038 733 1129 πραγμάτωνέπεμπενέύιβασιν,
748 1045 885 1129 παίγνιον
899 1043 931 1107 ἐν
943 1049 1057 1130 βραχεῖ
1065 1047 1127 1108 τῶν
1136 1043 1288 1124 πολεμίων

196 1147 392 1212 καθίσταται.
427 1144 620 1229 θεασάμενος
633 1147 692 1234 γάρ
711 1145 747 1212 τὸ
767 1149 870 1212 πεδίον
884 1150 983 1232 πολλῇ
997 1151 1036 1232 τῇ
1045 1140 1123 1232 χλόη
1139 1151 1195 1230 τῆς
1210 1141 1321 1221 πύαςις

196 1245 370 1332 κατάκομον
386 1251 436 1314 καί
456 1253 552 1333 μηδὲν
568 1256 631 1316 τῶν
651 1246 817 1335 γεγονότοιν
838 1245 1013 1332 ὑπονοήσας
1033 1254 1095 1334 βοῇ
1116 1249 1167 1313 καί
1187 1273 1291 1336 παρα-

196 1349 394 1434 κελεύσμασιν
408 1351 473 1434 ἅμα
491 1363 555 1429 τοῖς
571 1352 654 1440 ἀμφ’
671 1353 755 1442 αύτῷ
770 1360 863 1419 πᾶσιν
879 1351 1018 1417 ἱππεῦσιν
1034 1347 1116 1441 ὅρμᾷ
1133 1350 1212 1416 κατὰ
1228 1357 1291 1417 τῶν

155 1457 366 1535 ίθπολεμίιον,
402 1452 551 1540 ἀκινήτων
573 1454 631 1532 ἐξα
650 1461 707 1520 τοῦ
728 1458 834 1521 πεδίου
857 1454 936 1520 κατὰ
953 1451 1060 1540 χώραν
1080 1450 1221 1520 ἓστιύτοιν
1239 1455 1291 1520 καί

195 1557 253 1641 τήν
271 1555 368 1623 αὐτοῦ
386 1555 627 1646 προσδοκώντων
644 1557 765 1644 ἐφοδον.
794 1555 872 1624 ἀλλά
885 1559 956 1645 πρὶν
971 1561 1013 1633 είς
1027 1555 1121 1640 μίσον
1137 1558 1240 1623 ἐλθεῖν
1253 1555 1304 1623 τδ-

197 1661 315 1740 πεδίον,
342 1659 442 1748 ιδσπερ
462 1661 578 1750 στεῤῥηῦ
591 1687 649 1726 τινι
671 1661 855 1746 πεδηθίντές
877 1661 907 1726 οἶ
928 1661 1018 1726 ’ίπποι
1041 1661 1143 1747 δεσμῷ
1165 1666 1210 1750 τῷ
1234 1665 1291 1744 τής

195 1759 399 1850 ύγρανθείσης
419 1771 475 1850 γῆς
498 1764 576 1844 πρὸς
594 1765 651 1849 τήν
669 1771 731 1830 τῶν
752 1768 855 1830 ποδῶν
871 1762 1070 1850 θρασυτίραν
1089 1761 1182 1846 βάσιν
1204 1759 1291 1846 μάλα

195 1862 348 1932 ὑπείκοντι
356 1916 366 1947 ,
395 1867 425 1932 oi
443 1868 500 1951 μὲν
514 1865 579 1950 ἅμα
592 1878 658 1943 τοῖς
671 1868 811 1934 ἱππεῦσιν
832 1867 986 1932 ἓκυλίοντο
1006 1865 1085 1932 κατὰ
1097 1873 1154 1932 τοῦ
1169 1871 1269 1950 πηλοῦ
1280 1873 1319 1928 'E'

156 1969 227 2035 15oi
252 1969 286 2035 δέ
309 1969 382 2046 τοὺς
400 1969 508 2047 ἵππίας
528 1968 736 2054 ἀποβαλόντες
758 1975 941 2054 πλημμελῶς
963 1969 1107 2057 ἐφέροντο
1134 1967 1213 2034 κατά
1234 1973 1291 2034 τοῦ

197 2073 320 2138 πεδίου·
347 2072 376 2137 ol
393 2073 435 2164 δὲ
456 2073 530 2150 τούς
556 2071 654 2151 πύδας
675 2071 964 2160 συηκαταχιύσαντες
989 2071 1042 2160 ἐφ’
1065 2070 1132 2148 ἐνὸς
1150 2073 1289 2154 ἵσταντο,

198 2171 340 2261 καθάπερ
359 2173 542 2262 ἀνδριάντας
558 2177 631 2254 τούς
651 2174 798 2261 ἐπιβάτας
821 2176 985 2261 ἀνέχοντες.
1020 2174 1049 2241 oi
1067 2173 1172 2259 μίντσι
1186 2177 1292 2240 Κατε-

197 2274 283 2343 λάνοι
299 2275 572 2365 ἀναθαρσήσαντες
585 2279 663 2367 πρὸς
684 2280 724 2346 sti
738 2277 880 2368 δράμενα
901 2281 1110 2353 παντοδαποῖς
1132 2273 1292 2342 κυκλωσά-

197 2406 281 2464 μενοι
299 2381 417 2464 βέλεσιν
432 2379 562 2458 τούτους
576 2385 632 2467 μίν
647 2380 787 2459 ἅπαντας
803 2382 902 2469 ἀρδην
926 2367 1137 2469 κατέσφαξαν·
1164 2378 1292 2445 κάπειτα

155 2483 294 2560 ἰθεῦθδς
321 2485 436 2550 ἐκεῖθεν
462 2482 697 2570 ἐξιππασάμενοι
717 2486 793 2562 τσδς
812 2482 980 2574 φεύγοντας
1011 2479 1138 2548 κατόπιν
1167 2481 1292 2548 ἐδίωκον

112 2657 116 2668 ,
198 2584 269 2674 ἀχρι
286 2589 401 2672 Θηβιῦν
417 2613 450 2653 τε
463 2587 681 2674 καέἍθηνῶν·
709 2585 747 2666 ἀς
765 2587 804 2673 δὴ
821 2615 872 2654 και
894 2582 1134 2676 απροσδοκήτονς
1153 2583 1290 2652 ἐπεισπε-
1303 2596 1336 2652 Ρ.
1356 2597 1406 2655 156

198 2686 304 2766 σύντες
328 2687 428 2782 ῥηῖστα
445 2697 619 2778 χειροῦνται
641 2689 746 2768 αύτοῖς
761 2686 900 2778 χρήμασι
923 2694 974 2758 καί
993 2689 1101 2766 αάταῒς
1122 2690 1243 2776 γυναιξί
1260 2715 1292 2756 τε

200 2795 250 2858 καί
263 2791 384 2870 τίκνοις.
412 2790 493 2860 οῦτοι
506 2796 609 2861 τοίνυν
625 2790 726 2881 ὥσπερ
740 2795 773 2859 ἐν
786 2791 891 2878 κύβοις
905 2795 1049 2882 ἐξαίφνης
1062 2787 1294 2878 μεταπεσούσης

200 2901 258 2979 τῆς
279 2893 375 2982 ἀρχῆς
397 2895 548 2984 ἐγκρατεῖς
562 2897 592 2964 ol
605 2885 777 2965 Κατελάνοι
794 2893 945 2983 γενόμενοι
960 2903 1017 2982 τῆς
1031 2921 1063 2962 τε
1075 2901 1198 2980 μακρῦς
1211 2891 1293 2961 πλά-

158 3005 257 3084 θῦνης
276 2996 453 3084 ἀπήλλαξαν
468 2997 596 3076 ἑαυτούς
619 3002 670 3066 καί
684 2999 730 3067 ἀεί
743 3000 821 3088 πρὸς
834 2999 870 3066 si
885 2999 978 3067 πλίον
992 2999 1092 3088 η’ρίμα
1105 2997 1180 3075 τούς
1201 2995 1293 3086 δρους

198 3125 343 3214 δεξαμεναί,
361 3127 473 3200 peditum
491 3128 601 3200 emplius
622 3135 681 3214 octo
697 3129 776 3184 millia
795 3134 878 3184 erant.
914 3128 1011 3200 Opinio
1027 3144 1090 3214 sepo
1103 3125 1293 3197 st'arrogantla

198 3213 337 3352 little
347 3197 1139 3350 tiit-lunium{⁸52⁰l‘nffi‘ztlt'3nlt‘li2ls:
1147 3195 1293 3348 ἀῖίθά

199 3345 311 3458 tall*
309 3337 907 3459 „flffllcffiltlulnltllltulln
912 3343 1017 3476 lili
1030 3335 1153 3456 miluc
1166 3333 1232 3456 33:¹31
1237 3351 1293 3456 ⁸1:¹3!

202 3473 275 3554 stium
288 3473 431 3543 exponitur.
459 3474 528 3528 Nam
540 3491 595 3528 cum
605 3474 736 3544 planitiem
748 3423 826 3528 πάνυ
840 3475 953 3544 gramine
965 3474 1089 3526 virentem
1106 3471 1292 3542 conspexisset,

202 3539 266 3592 suhul
286 3557 372 3594 eorum
385 3559 451 3612 quse
462 3550 522 3597 ecte
537 3551 610 3596 erant
624 3543 786 3614 suspicatus,
802 3545 950 3597 cohortatus
965 3560 1025 3596 suos
1036 3549 1064 3594 et
1080 3541 1224 3594 vociferans
1235 3558 1293 3594 cum

202 3609 315 3662 omnibus
337 3625 402 3679 quos
423 3629 506 3665 secum
524 3613 635 3666 habebat
654 3612 782 3682 equitibus
804 3611 900 3682 impetu
920 3619 1010 3666 contra
1029 3611 1116 3664 hostes
1133 3609 1230 3675 lemur,
1247 3607 1294 3681 qui

92 3743 95 3750 Ι
203 3683 277 3730 extra
294 3693 409 3748 campum
427 3679 521 3734 immoti
537 3681 565 3734 in
577 3682 711 3752 procinctu
729 3681 833 3734 stabant
846 3681 901 3735 eius
914 3679 1104 3752 impressionem
1118 3685 1294 3748 expectentes.

202 3743 255 3798 Sed
275 3745 421 3828 priusquam
437 3749 469 3802 ad
483 3749 590 3803 mediam
602 3750 733 3821 planitiem
747 3751 928 3819 pervenirent,
945 3749 1005 3822 equi
1018 3748 1097 3802 veluti
1109 3747 1189 3802 firmis
1202 3749 1295 3802 vincu-

201 3814 235 3866 lis
255 3814 370 3884 impedlu
387 3816 528 3872 madefacta
545 3827 616 3872 terra
628 3821 662 3873 sd
678 3818 837 3873 audaciorem
850 3836 964 3890 gnosum
976 3817 1123 3872 subsidente
1135 3817 1227 3888 partim
1243 3831 1295 3872 uns

202 3900 258 3936 cum
276 3883 405 3952 equitibus
426 3885 453 3938 in
470 3887 524 3939 loto
543 3888 704 3953 volutantur,
721 3889 815 3958 purtim
830 3889 863 3941 iis
881 3891 995 3942 excussis
1009 3895 1105 3942 temere
1122 3904 1169 3956 per
1181 3902 1296 3957 campum

202 3951 337 4016 feruntur,
354 3953 446 4020 partim
464 3955 572 4025 pedibus
593 3957 645 4012 luto
666 3957 790 4010 immersis
811 3965 860 4011 σου
876 3957 904 4010 in
916 3959 973 4012 loco
986 3955 1080 4010 immoti
1093 3961 1178 4022 stant,
1229 3955 1296 4008 uites

203 4019 285 4072 veluti
309 4029 408 4074 statuas
426 4023 589 4078 confluentes.
625 4025 724 4092 Quibus
743 4028 821 4079 rebus
842 4025 961 4080 Octulani
980 4023 1084 4082 animati
1100 4023 1166 4080 omni
1186 4029 1296 4078 tearum

203 4103 299 4157 genere
314 4089 499 4144 circumventos
516 4091 572 4146 illos
593 4109 678 4148 omnes
695 4095 869 4149 internecione
879 4095 1041 4149 deleverunt:
1058 4099 1111 4146 tum
1126 4093 1195 4146 illine
1209 4093 1296 4146 statim

110 4165 115 4172 “
204 4157 295 4212 emisso
307 4159 423 4228 equitatu
434 4161 664 4244 usquead'l'hebas
674 4166 820 4217 etAthenas
834 4165 862 4217 iu
882 4163 965 4218 ientes
975 4161 1124 4236 persequuti
1137 4167 1205 4214 sunt
1225 4160 1295 4224 Quin

204 4235 233 4310 et
251 4227 322 4297 ipses
335 4228 412 4280 urbes
425 4245 457 4282 ex
476 4229 614 4300 mpsoviso
627 4249 661 4302 ag
680 4233 744 4286 nessi
758 4249 815 4287 cum
827 4183 933 4303 opiinus,
950 4233 1072 4286 uxon'bus
1084 4235 1111 4282 et
1122 4229 1210 4282 liboris
1221 4229 1296 4282 iacil-

204 4293 263 4350 luma
281 4305 412 4366 ceperunt.
446 4297 493 4354 Sic
518 4297 635 4352 velutin
654 4249 726 4354 ἀεαο
743 4301 804 4355 ludo
823 4302 925 4356 fortuna
942 4310 1048 4372 repente
1066 4305 1163 4352 mutata
1177 4297 1296 4351 catalani

205 4365 282 4435 ponci
294 4365 442 4439 principato
454 4373 481 4422 et
491 4365 636 4424 dictosnom
648 4385 760 4425 errorem
774 4369 924 4438 unisonas,
943 4377 972 4428 et
984 4387 1047 4428 sose
1059 4365 1165 4423 ditionis
1173 4367 1297 4424 terminos
