2998 4872
392 341 625 410 NICEPHORI
643 341 881 412 GREGORAE
901 341 1019 413 VlTA.
1145 353 1243 402 xrru
1362 347 1366 360 ·

151 512 253 582 gatos:
276 519 403 580 quorum
417 521 515 581 pauca
526 501 608 582 typis
622 521 760 584 expressa
767 547 777 580 ,
798 502 939 583 pleraque
951 511 1050 564 autem
1062 509 1165 563 extent
1177 523 1243 564 ma-

150 587 307 666 nuscripta
318 587 351 644 in
368 585 522 646 codicibus
537 588 624 667 regiis
636 585 672 669 ¹).

237 673 333 731 Annis
346 691 384 730 ex
400 692 434 730 eo
450 683 563 753 septem
579 673 686 753 elapsis
706 669 755 758 ¹),
774 672 856 733 idem
870 673 1057 750 barlaamus,
1080 673 1242 752 drenione,

152 778 214 837 quo
244 758 281 816 ab
302 758 486 836 Imperatore
517 759 554 818 ad
579 759 689 839 Papam
716 759 899 818 clandestina
915 755 943 839 8)
969 760 1114 838 legatione
1135 760 1244 820 missus

153 846 270 918 i'uerat,
316 841 554 902 Thessalonicam
594 863 729 904 reversus
761 865 881 922 magnas
918 845 1021 904 turbas
1056 845 1090 904 in
1122 845 1247 904 ecclesia

153 929 268 986 Graeca
284 927 444 1004 excitavit,
466 948 504 988 ex
521 929 626 1008 quibus
639 939 743 1011 postea
756 931 866 990 multae
878 929 910 989 in
924 930 1083 1008 Gregoram
1093 930 1247 989 molestiae

151 1013 372 1074 redundarunt.
415 1014 560 1074 Nimirum
590 1015 642 1074 ille
665 1015 792 1092 advena,
815 1013 975 1074 monachos
993 1015 1121 1076 Graecos
1140 1025 1247 1075 nactus

154 1099 207 1177 qui
228 1117 259 1158 se
276 1098 414 1157 divinum
427 1101 528 1158 lumen
544 1101 639 1160 oculis
662 1103 811 1181 corporeis
829 1101 941 1160 intueri
960 1099 1116 1178 dicabant,
1138 1101 1249 1160 blessa-

151 1181 327 1242 lianismum
347 1183 387 1242 iis
401 1193 430 1244 et
445 1183 776 1266 Omphslopsychorum
790 1185 819 1266 4)
841 1205 970 1248 errorem
984 1185 1100 1244 obiecit.
1141 1185 1249 1244 Mona·

154 1267 281 1328 chorum
295 1269 495 1348 patrocinium
511 1272 641 1352 suscepit
654 1271 703 1331 vir
714 1291 836 1350 magnae
851 1271 930 1351 apud
944 1291 994 1329 eos
1012 1269 1249 1344 existimationis,

154 1353 318 1433 Gregorius
336 1355 482 1432 Palsmas,
504 1357 682 1438 iampridem
702 1357 767 1438 ipse
789 1376 909 1436 quoque
927 1355 994 1415 idco
1009 1363 1145 1430 notatus,
1168 1354 1251 1433 quod

153 1438 290 1498 divinam
313 1439 510 1502 substantiam
539 1443 635 1502 oculis
665 1441 816 1522 corporeis
840 1443 934 1501 visam
963 1461 980 1498 a
1012 1461 1044 1500 se
1070 1439 1251 1500 iactavimet.

152 1524 229 1584 Nam
243 1524 326 1584 hunc
344 1526 488 1604 Gregorss
502 1524 550 1608 ⁶),
573 1537 601 1586 et
628 1527 655 1587 ei
670 1527 874 1606 cognominem
889 1525 1031 1605 Drimyn,
1053 1533 1209 1604 antequam
1221 1522 1250 1604 ο)

152 1609 328 1670 Barlaamus
344 1611 377 1670 in
391 1611 545 1672 Graeciam
560 1613 705 1688 venisset,
727 1612 760 1672 id
776 1611 812 1672 de
834 1631 865 1670 se
879 1611 1085 1691 praedicantes
1108 1609 1250 1685 audierat,

153 1703 186 1753 et
200 1695 317 1756 acribus
335 1695 395 1755 iam
412 1707 478 1756 tum
490 1697 589 1758 verbis
600 1708 763 1778 utrumque
774 1695 1018 1776 reprehenderat.-
1039 1696 1176 1773 idemque
1186 1713 1251 1754 eam

155 1799 222 1838 rem
237 1801 341 1859 magno
356 1781 535 1860 Logothetae
557 1791 586 1843 et
600 1783 782 1842 antistitibus
801 1783 916 1861 aliquot
932 1781 1029 1840 doctis
1042 1779 1250 1842 declaraverat.

155 1863 282 1925 Eircro
301 1886 365 1926 eam
378 1867 622 1929 Massalianorum
638 1867 774 1930 haeresin
790 1887 852 1928 esse
872 1867 1029 1940 dixerant,
1052 1874 1083 1926 et
1106 1863 1251 1926 eiusmodi

155 1947 313 2010 hominnm
326 1954 571 2014 consuetudinem
587 1963 623 2014 ut
634 1955 751 2032 fugaret
763 1961 993 2034 praeceperant3
1015 1949 1105 2030 idque
1127 1971 1162 2010 eo
1183 1969 1251 2009 ma-

154 2035 217 2113 gis,
240 2037 321 2114 quod
340 2057 450 2098 noram
462 2039 615 2118 haeresin,
638 2059 676 2098 ex
688 2040 752 2098 aliis
767 2038 903 2098 omnibus
918 2037 1087 2112 conflatam,
1109 2035 1181 2095 olim
1195 2054 1252 2094 ex-

156 2119 304 2180 oriturum
318 2141 395 2201 esse,
417 2133 447 2183 et
459 2125 602 2202 generalis
619 2125 746 2184 Concilii
762 2123 880 2183 decreto
904 2131 1071 2182 correctum
1092 2120 1146 2197 iri,
1168 2129 1253 2180 vete·

153 2203 201 2264 ris
219 2206 372 2266 cuiusdam
392 2209 566 2290 prophetiae
580 2209 736 2269 admonitu
757 2209 933 2268 didicerant.
975 2203 1130 2266 Monachis
1151 2205 1251 2284 igitur,

153 2289 382 2368 Palamedem,
404 2315 461 2374 pro
484 2315 539 2354 suo
555 2315 655 2356 errore
673 2293 951 2375 propugnantibus,
973 2291 1140 2366 etlumen,
1171 2289 1254 2368 quod

153 2375 191 2434 in
204 2387 306 2436 monte
313 2376 433 2440 Thabor
451 2379 614 2460 discipulos
623 2379 733 2440 Christi
751 2378 1005 2454 circumfulsisset,
1026 2377 1194 2436 increatum
1211 2373 1255 2434 si·

154 2462 222 2522 mul
233 2471 264 2522 at
275 2465 454 2544 aspectabile
468 2466 560 2526 luisse
577 2464 802 2542 dictitantibus5
823 2463 977 2524 Barlaamo
1005 2470 1104 2522 autem
1124 2461 1254 2536 dedalus,

156 2565 212 2606 seu
227 2546 357 2628 duplicis
372 2549 424 2608 Dei
447 2551 582 2627 cultum,
603 2571 658 2631 per
679 2571 743 2610 eam
763 2549 934 2631 opinionem
952 2546 1055 2607 invehi
1078 2545 1254 2622 affirmante,

157 2631 350 2693 Andronicus
371 2633 535 2714 imperator
561 2635 624 2694 litis
645 2635 826 2696 dirimendae
850 2653 938 2694 causa
959 2631 1126 2692 Concilium
1144 2629 1256 2690 haben·

159 2717 236 2776 dum
253 2717 380 2780 censuit.
423 2720 527 2800 ltaque
544 2741 621 2780 anno
637 2719 750 2780 Christi
768 2741 901 2780 mcccxnr
911 2765 920 2796 ,
942 2739 1041 2778 meuse
1054 2717 1157 2792 lunio,
1177 2715 1209 2774 in
1225 2715 1255 2772 S.

158 2801 291 2882 Sophiae
315 2803 417 2864 aedem
440 2806 653 2886 Byzantiorum
682 2806 837 2866 lectissimi
860 2825 894 2864 ac
917 2803 1081 2863 doctissimi
1106 2819 1258 2860 couvene-

159 2895 235 2948 ruut
245 2885 283 2966 ⁷).
328 2887 490 2968 Gregoram
509 2890 546 2950 ab
559 2891 740 2970 Imperatore
754 2901 784 2950 et
800 2887 1001 2970 apatriorcha
1021 2886 1182 2946 inritatum
1204 2883 1257 2942 dc-

160 2971 207 3032 mi
227 2971 354 3034 detinent
377 2975 481 3055 capitis
502 2977 588 3036 dolor
599 2975 898 3054 ¹vehementissimum
927 2973 980 3053 qui
1004 2971 1126 3032 morbus
1142 2968 1180 3049 ⁸),
1202 2989 1258 3049 per

158 3056 321 3118 intervalla
336 3067 366 3120 et
384 3061 471 3121 certis
485 3061 668 3142 temporibus
682 3081 856 3136 recurrens,
876 3068 940 3119 tota
955 3059 1019 3118 vita
1042 3078 1110 3118 eum
1128 3055 1259 3115 afflicta-

158 3143 217 3203 vit.
258 3143 424 3226 Imperator
437 3145 489 3205 illa
505 3147 553 3206 die
567 3147 720 3228 praeclare
734 3155 765 3206 ct
782 3165 889 3224 magno
905 3143 1036 3204 omnium
1056 3143 1165 3222 plausu
1179 3159 1259 3198 con-

158 3227 299 3289 cionatus
327 3231 477 3292 absentem
506 3231 705 3310 desideravit,
732 3249 825 3310 eoque
853 3229 990 3288 auditore
1006 3228 1131 3288 moleste
1152 3223 1257 3284 caruit.

159 3313 318 3375 Caeterum
336 3315 371 3376 in
392 3337 425 3376 ea
445 3317 562 3397 synodo
584 3317 656 3397 quid
678 3327 778 3377 actum
804 3315 843 3376 sit
864 3335 926 3374 non
949 3321 1079 3388 constat,
1100 3317 1259 3391 propterea

158 3397 246 3478 quod
262 3399 344 3464 illius
360 3403 425 3462 aevi
437 3401 600 3482 scriptores
618 3403 668 3462 alii
683 3403 785 3478 aliter,
808 3411 839 3461 et
852 3421 907 3480 pro
935 3419 989 3458 suo
1005 3397 1129 3476 quisque
1141 3393 1258 3469 affectu,

156 3496 362 3546 remnarrant
376 3485 414 3569 9).
456 3488 493 3546 lu
506 3509 540 3548 eo
563 3497 664 3548 tamms
678 3488 901 3548 Cautscuzenus
924 3494 955 3544 et
970 3485 1115 3562 Gregoras
1135 3499 1260 3540 consen-

197 3651 336 3776 ”nti
351 3653 427 3780 ibt
443 3655 520 3778 td
535 3653 810 3779 {stantib
827 3665 943 3776 Ἥ·
995 3645 1263 3788 ..iniustas

231 3807 296 3846 rum.
332 3763 594 3862 QthoffisaBy's.
604 3789 648 3846 lib.
663 3809 718 3846 xrx.
737 3809 760 3844 c.
778 3797 802 3847 1.
820 3797 884 3844 sect.
899 3787 926 3844 4.
961 3785 1263 3866 6)Anteannum1328.

231 3861 266 3930 7)
282 3859 355 3913 ltin.
371 3860 418 3914 lib.
436 3877 473 3914 χι.
491 3879 513 3918 c.
526 3863 568 3916 ΞΟ.
637 3863 668 3932 8)
691 3863 826 3930 Gregoras
842 3859 939 3929 passim
957 3858 984 3910 in
999 3855 1073 3909 libris
1086 3856 1139 3908 suis
1157 3860 1266 3935 menno:

231 3945 291 3984 nem
311 3929 397 3983 eiusce
414 3930 496 3985 morbi
514 3931 633 3984 inculcat
673 3930 743 3984 Vide
762 3929 889 3992 libellum',
906 3925 978 3982 sosoi
991 3928 1047 3980 sois
1064 3926 1117 3980 rosi
1135 3925 1266 4003 Poppppc

232 3995 408 4069 ληρημάτων.
478 4000 510 4068 9)
533 4001 730 4054 Centacuzenus
751 3999 847 4052 rictum
864 3999 1025 4051 Barlaamum
1041 3993 1141 4074 reniam
1159 3999 1265 4060 petrissa

233 4075 264 4123 et
278 4069 400 4122 Palamee
417 4067 558 4123 doctrinam
578 4087 594 4121 e
659 4070 736 4121 besse
760 4067 858 4120 scribit.
906 4065 1015 4118 loannes
1052 4059 1196 4121 amaretis,
1239 4056 1265 4108 ui

235 4135 335 4206 synodo
353 4139 483 4208 praefuit,
501 4139 534 4192 de
548 4139 599 4191 duo
657 4145 754 4190 mutum
771 4135 906 4218 capitulis,
929 4150 1019 4201 nempe
1030 4081 1064 4184 dc
1078 4075 1237 4182 Thaborioi
1252 4152 1266 4163 -

236 4209 305 4259 mine
316 4213 344 4260 et
356 4207 390 4261 de
403 4208 553 4278 precatione
562 4207 641 4260 latam
653 4205 804 4259 sententiam
815 4209 853 4257 art
865 4201 933 4274 apud
941 4199 1101 4256 laecudllat.
1109 4197 1150 4250 De
1162 4194 1266 4276 Eccles.

238 4275 331 4330 Occid.
364 4280 392 4329 et
414 4277 516 4332 Orieut.
544 4291 617 4347 perp.
649 4293 717 4328 cons.
742 4274 787 4328 lib.
804 4289 833 4326 ιι.
856 4291 880 4326 c.
904 4271 948 4329 17.
997 4270 1131 4338 Gregoras
1155 4263 1266 4344 demque

239 4345 318 4400 solen
334 4346 509 4417 quaestionem
525 4345 560 4402 dc
581 4346 731 4418 precatione
754 4343 896 4413 critatem
913 4339 984 4412 quod
1000 4337 1035 4394 ad
1052 4339 1157 4392 metere
1172 4335 1267 4386 abma-
