2998 4872
253 331 363 381 mm
464 293 697 388 memnon
716 315 958 386 concensu
977 315 1155 386 moen.

252 479 311 540 Sed
327 497 442 538 summo
457 477 569 554 labore,
590 485 620 538 et
636 497 691 559 per
704 475 930 537 exercitationes
944 476 1100 556 plurimas,
1119 473 1218 535 omnis
1232 474 1354 555 generis

252 565 350 626 omnis
372 574 461 624 notae
481 563 680 622 eruditionem
699 563 853 622 collectam
871 565 905 622 iu
920 562 1067 622 thesauris
1078 561 1237 621 memoriae
1253 569 1283 620 et
1294 557 1366 620 iu-'

251 650 330 729 genii
343 648 518 730 reposuisti3
547 657 636 726 etque
650 649 713 708 eiua
734 649 818 708 velut
838 669 961 728 promus
978 647 1090 707 condus
1111 646 1230 722 existis3
1253 665 1352 724 quae-

250 755 321 794 nam
337 735 459 794 meliora
481 733 557 810 sint,
580 753 619 792 ex
640 753 695 792 usu
716 734 849 794 aestimas
871 733 916 812 1),
940 743 1020 792 etex
1037 733 1192 810 omnigena
1209 730 1353 790 doctrina

251 820 339 879 facile
351 839 386 879 ac
397 819 482 878 velut
492 837 529 876 ex
537 829 641 899 persto
654 819 766 898 optima
778 837 913 898 quaeque
927 818 1072 900 decerpis,
1085 827 1114 876 et
1122 815 1264 878 studiosis
1277 816 1353 876 sub.

250 905 322 964 iude
342 902 515 964 contribuis.
559 904 729 977 Quinetiam
752 903 891 980 effecisti,
913 913 948 962 ut
965 913 996 963 et
1013 901 1184 984 philosophi
1204 902 1352 978 elingues,

251 999 281 1050 et
302 999 435 1050 oratores
459 987 579 1048 minime
592 987 763 1069 philosophi
785 1009 847 1048 esse
863 990 1046 1050 viderentur.
1089 987 1156 1048 Hoc
1169 988 1234 1066 ipso
1253 987 1349 1062 euim,

250 1075 332 1154 quod
355 1072 564 1156 philosophiae
582 1074 763 1133 rhetoricam
790 1073 957 1149 miscueris,
980 1083 1010 1133 et
1034 1093 1073 1132 ex
1093 1069 1233 1132 ambabus
1246 1081 1293 1130 tot
1302 1071 1352 1130 li-

249 1161 319 1220 bros
340 1159 532 1236 conflaveris,
555 1160 586 1218 in
615 1159 721 1238 quibus
742 1161 900 1219 observare
919 1169 965 1219 est
989 1159 1163 1218 coniunctas
1186 1157 1352 1236 utriusque

249 1245 393 1322 virtutes,
415 1263 516 1303 uenire
530 1245 628 1324 palam
642 1243 744 1304 existit
756 1245 789 1302 id
805 1244 887 1324 quod
901 1244 990 1304 dicol
1013 1245 1158 1324 Equidem
1172 1244 1216 1301 sic
1226 1242 1264 1301 de
1278 1261 1352 1302 ora-

248 1329 382 1390 tionibus
401 1329 464 1387 tuis
489 1329 583 1388 sentio
602 1337 632 1387 et
650 1329 827 1410 pronuncio.
872 1329 961 1408 Atqui
980 1329 1053 1389 haec
1069 1328 1198 1388 strictim
1212 1337 1243 1387 et
1260 1327 1354 1387 velut

250 1415 347 1474 obiter
362 1435 380 1472 a
395 1435 441 1473 me
455 1413 534 1473 dicta
550 1423 628 1474 sunt.
658 1417 824 1494 Oportebat
839 1424 937 1474 eutem
952 1415 983 1473 in
998 1424 1119 1473 tucrum
1132 1413 1256 1472 laudum
1273 1432 1348 1472 cur-

248 1499 377 1559 riculum
394 1499 621 1558 descendentem
644 1521 749 1560 cavere
762 1499 902 1578 omnino,
924 1509 960 1558 ut
980 1510 1031 1582 tus
1048 1499 1104 1559 tibi
1120 1498 1248 1577 dignitas
1264 1497 1353 1557 salva

249 1593 414 1658 constaret,
436 1592 466 1642 et
491 1593 635 1662 quantum
656 1586 719 1664 ipse
739 1586 897 1644 facundiae
921 1585 1016 1646 robur
1037 1584 1071 1644 in
1093 1584 1276 1644 orationibus
1288 1583 1355 1642 tuis

249 1668 495 1749 exprompsisses‚
511 1679 595 1728 tanto
612 1669 751 1728 etiamad
766 1691 814 1740 eas
828 1670 927 1729 vorbis
944 1670 1158 1750 praedicandas
1170 1669 1356 1728 instructum

249 1755 391 1813 accedere
405 1753 535 1816 decebat.
562 1753 607 1813 Tu
621 1775 685 1830 nos,
701 1763 736 1813 ut
748 1775 897 1834 praesens,
910 1756 951 1813 ita
965 1765 995 1814 et
1006 1757 1110 1815 absens
1121 1755 1260 1814 delectae.
1285 1753 1355 1812 Bo·

248 1859 322 1898 num
344 1837 444 1914 enim,
466 1861 535 1898 cum
556 1849 631 1898 esset
648 1841 680 1898 in
697 1841 849 1916 manibus,
871 1861 906 1900 so
925 1861 984 1920 quo
999 1861 1054 1920 par
1072 1850 1135 1900 erat
1148 1859 1236 1898 sensu
1252 1839 1354 1917 perci-

247 1924 410 2005 piebemua.
452 1925 492 1984 lt
516 1925 596 2003 quod
617 1925 737 1985 urbium
761 1926 919 2006 princeps,
942 1925 1101 2005 eademque
1114 1923 1210 2004 petria
1234 1932 1353 2002 nostra,

247 2019 365 2068 tanturn
390 2009 445 2068 sibi
462 2009 612 2074 honorem
631 2010 785 2070 ambitiose
806 2011 959 2087 vindicet,
980 2010 1013 2069 id
1030 2009 1149 2090 quidem
1168 2029 1215 2068 me
1231 2029 1353 2070 summa

247 2095 405 2174 voluptate
427 2095 534 2154 allicit:
557 2116 594 2153 oc
617 2115 786 2176 quanquam
808 2097 943 2155 locorum
958 2095 1116 2155 intervallo
1130 2094 1352 2172 disiungantur,

246 2177 343 2239 nihilo
362 2191 462 2238 umen
486 2181 585 2239 minus
604 2191 634 2238 te
655 2181 805 2257 diligimus
826 2201 913 2262 quam
934 2181 957 2238 ai
974 2189 1143 2261 praesentes
1157 2179 1349 2256 adessemus;

247 2274 278 2323 et
294 2265 361 2345 quie
377 2285 477 2325 coram
493 2265 655 2342 nonlicet,
677 2265 745 2324 ideo
759 2265 947 2342 cogitationis
966 2276 1050 2324 motu
1065 2275 1166 2326 tecum
1180 2285 1350 2325 versamur.

247 2351 403 2410 Caeterum
421 2350 555 2410 indolem
576 2361 660 2410 tuam
679 2351 711 2410 iu
726 2351 984 2410 orationibustuis
998 2371 1168 2430 expressum
1187 2351 1349 2410 cernimus.

246 2433 389 2494 Memoria
405 2446 504 2495 autem
517 2435 741 2495 consuetudinis
759 2446 843 2515 tuae,
866 2445 1015 2496 eteorum
1033 2436 1084 2516 qui
1102 2435 1237 2496 discendi
1255 2455 1350 2495 causa

246 2519 378 2598 quotidie
392 2521 430 2579 ad
449 2529 479 2580 te
491 2521 657 2597 ventitant,
679 2523 810 2580 animum
830 2521 990 2590 subeunte,
1012 2521 1187 2581 Academiae
1212 2530 1242 2578 et
1255 2521 1348 2599 Lycei

245 2604 403 2682 imaginem
421 2605 505 2665 nobis
518 2605 695 2682 effingimus.
739 2609 782 2665 Ac
796 2605 852 2664 tibi
868 2605 998 2683 quidem,
1020 2607 1102 2686 quod
1119 2606 1349 2686 praeclusisse

190 2693 194 2700 '
246 2689 423 2767 obtigerint‚
446 2691 648 2768 gratulamur3
669 2711 725 2750 nos
747 2711 819 2750 vero
832 2691 930 2770 ipsos,
953 2691 1035 2770 quod
1050 2701 1079 2750 te
1098 2689 1172 2751 hoec
1193 2701 1272 2749 aetas
1288 2701 1347 2749 tu-

243 2773 315 2833 lerit
334 2784 364 2833 et
375 2776 455 2834 vitae
469 2785 538 2834 tuae
550 2785 668 2855 tempus
681 2777 713 2835 in
727 2775 786 2834 hoc
803 2785 939 2836 nostrum
951 2777 1100 2836 saeculum
1112 2775 1272 2851 inciderit,
1294 2777 1347 2835 ss-

243 2859 316 2918 lices
337 2861 553 2940 praedicamus.
592 2861 665 2920 Eius
679 2861 736 2920 tibi
760 2882 848 2942 quam
863 2863 1068 2941 longissimum
1085 2863 1213 2942 spatium
1227 2861 1345 2922 utinam

242 2955 437 3024 prorogetur,
459 2956 495 3005 ut
517 2965 618 3006 earum
640 2967 760 3023 rarum,
782 2947 903 3028 quaein
919 2948 1184 3026 teeximiaesunt,
1205 2945 1345 3007 homines

196 3067 201 3074 -
244 3030 469 3110 quamplurimi
484 3031 644 3112 participas
657 3031 741 3092 fiant.

347 3161 405 3228 lv.
426 3163 623 3230 Plsilotheua
641 3165 865 3255 patriarcha,
884 3167 1072 3234 Antirrltet.
1095 3163 1180 3232 XII
1188 3163 1228 3254 ²).

328 3287 485 3366 Γρηγοροῖς
499 3287 526 3348 δ’
541 3285 673 3360 ου’τοαλν,
694 3287 727 3350 ἐκ
741 3281 904 3370 βαρβάρων
916 3283 998 3367 παρα
1011 3283 1067 3368 τὴν
1079 3291 1140 3349 ταῖν
1152 3281 1270 3350 πόλεων
1286 3287 1343 3368 βα-

242 3368 341 3431 σιλίδα
354 3371 478 3449 ταυτηνὶ
492 3371 543 3434 καλ
555 3369 611 3451 την
626 3367 758 3454 μεγάλην
772 3369 872 3435 ἐλθών
885 3378 946 3436 ταῖν
962 3373 1125 3452 ἐκκλησιῶν
1138 3375 1192 3434 τοῦ
1206 3375 1342 3452 Χριστοῦ

241 3453 355 3536 μητέρα
378 3454 444 3536 (τῆς
461 3451 518 3538 ydp
541 3451 751 3538 Παφλαγόνων
774 3453 893 3538 ὅρμητο
910 3458 978 3540 γῆς)
998 3459 1050 3521 καὶ
1070 3452 1189 3539 α’γογῆς
1205 3455 1257 3518 καλ
1269 3479 1341 3518 πακ-

241 3539 323 3612 oslac
338 3539 471 3601 ἐνταῦθα
485 3539 538 3603 καλ
554 3536 669 3622 μούσης
682 3541 857 3622 Ἑλληνικῆς
872 3540 1033 3624 μετασχών,
1056 3541 1098 3616 οὖς
1113 3542 1165 3603 καλ
1182 3537 1340 3622 μετεώρων

240 3617 372 3706 οἷσκῆσαλ
390 3648 457 3686 τινα
477 3619 627 3702 δόξανκαὶ
639 3621 785 3708 ὀνόματος
799 3623 979 3712 ον’μοαρῆσαί
989 3651 1087 3702 τινος,
1110 3630 1224 3707 μᾶλλον
1239 3622 1273 3687 dl
1285 3624 1341 3689 καλ

238 3711 296 3771 τοῦ
321 3703 390 3771 κατ’
408 3703 501 3772 αὐτὸν
519 3705 689 3794 πράγματος
703 3712 893 3796 ὑψηλοτέρου
908 3713 958 3776 καλ
980 3718 1129 3794 μείζονος,
1150 3707 1184 3773 co*
1198 3707 1253 3789 olo
1265 3706 1340 3814 βάρ-

238 3795 335 3874 βαρον
355 3785 437 3874 ἦθος
451 3789 589 3881 α’μηγέπη
605 3797 655 3860 κοιλ
668 3794 725 3878 τὴν
740 3797 849 3880 φωνην
861 3793 1023 3904 οἷποραλεῖν
1038 3797 1118 3877 loge·
1139 3799 1201 3857 eoin
1215 3792 1250 3857 dl
1270 3817 1339 3876 τρο,-

238 3897 307 3940 παν
331 3901 363 3940 τε
387 3879 439 3942 καλ
459 3885 514 3961 τῆς
525 3879 648 3964 γνοίμης
663 3881 699 3946 sd
722 3881 878 3966 βάρβαρον
893 3907 931 3946 ου
946 3879 1041 3963 μόνον
1056 3877 1113 3945 οὐκ
1126 3881 1209 3960 ἔσχεν
1220 3873 1340 3959 οἲποβα-

238 3965 317 4040 λεῖν,
340 3957 414 4026 ἄλλα
427 3965 478 4028 καλ
495 3962 762 4052 προσεξειργάσατο
779 3969 830 4032 καλ
852 3967 1041 4051 προτέθνηκεν
1057 3967 1089 4030 ἐκ
1102 3961 1187 4030 πάνυ
1203 3989 1250 4027 τοι
1264 3969 1339 4028 πολ-

235 4049 294 4110 λοῦ
308 4053 364 4112 τοῦ
377 4045 549 4130 περιόντος,
573 4057 635 4116 τοῖν
648 4050 815 4135 ὁμοφύλων
831 4055 939 4134 χείρων
959 4049 995 4115 τοὶ
1010 4055 1134 4116 τοιαῦτα
1148 4049 1272 4130 φανεὶς,
1295 4047 1340 4124 oie

235 4129 314 4214 rendi
333 4129 536 4219 παραβάλλειν
559 4136 676 4214 ἐξεῖναι.
702 4143 816 4222 μᾶλλον
837 4139 868 4202 d'
889 4138 998 4202 ἐκεῖνον
1011 4135 1081 4221 μὲν,
1105 4139 1133 4202 el
1145 4135 1197 4200 καλ
1218 4131 1339 4220 βάρβα-

269 4318 300 4388 1)
321 4319 368 4374 Vel
382 4319 488 4376 meliore
504 4337 552 4376 usu
568 4321 673 4394 probas.
741 4323 774 4394 2)
791 4323 835 4378 Ex
851 4321 908 4378 cod.
928 4323 995 4394 Reg.
1013 4325 1090 4382 1996.
1106 4321 1152 4376 fol.
1168 4321 1230 4380 283·
