2998 4872
247 333 346 443 'um
466 321 701 394 NICEPHORI
720 319 960 392 GREGORAE
978 321 1157 394 ELOGIA.

257 481 311 546 κα1
332 479 381 546 dau
381 477 522 592 βλαβλς,
517 481 569 546 καλ
581 479 655 555 τίς’
639 507 656 550 ο
667 477 777 586 ταύτης
790 476 973 564 προστάτης,
993 479 1046 544 καλ
1057 482 1136 556 τίνες
1150 479 1220 556 αίέξ
1234 479 1359 546 ἐκείνου

257 566 398 646 φαίντες,
422 563 479 630 osis
501 563 633 673 ακαριτοι
654 561 751 672 μόνον
770 567 823 632 καί
836 570 1061 671 καταργοῦντες
1083 563 1140 647 τὴν
1155 571 1280 649 γῆνσῆς
1299 561 1360 630 esi-

257 653 374 734 σεβιίας
393 652 530 734 βλαστολ,
552 650 628 714 attat
646 653 697 715 καλ
716 645 907 724 ἀκανθώδεις
926 651 979 713 καί
999 654 1068 714 λίαν
1073 659 1222 756 τραχεῖς,
1255 675 1359 735 παρα·

257 742 425 812 λυποῦντες
439 737 491 799 καλ
508 735 736 813 διασπῶντες
702 761 739 802 τα
753 743 808 818 τῆς
822 737 977 816 ἐκκλησίας
990 732 1168 840 γεννήματα.

340 817 391 886 Ἐν
409 817 457 896 αλς
470 820 565 904 δήπερ
577 819 726 930 ἀσεβείαις
739 847 791 885 και
779 817 944 896 οἷτοτσίαις
958 817 1159 926 καὶδιᾶδρχον
1175 817 1331 885 laureti
1297 841 1359 884 σαν

256 901 407 1014 δύστηνον
429 907 546 971 ἐκεῖνον
567 907 664 1014 ἔσχεν
669 903 857 972 Ἀκίνδννον·
878 907 930 970 καλ
950 907 993 970 tn
1007 902 1116 983 Δεξιόν
1129 931 1213 984 τινα,
1234 903 1285 972 adv
1297 909 1358 984 τῆς

258 987 414 1102 α’ριστερτῖς
432 995 565 1074 μερίδος·
587 993 639 1056 καλ
656 987 815 1076 Ἀργυρᾶν,
836 989 891 1056 cdv
912 994 964 1056 tos·
985 989 1107 1072 μεστδν,
1131 988 1182 1056 τὸν
1200 989 1253 1056 καὶ
1273 987 1356 1054 κολα

256 1101 291 1141 το
283 1074 497 1158 κίβδηλον
461 1102 515 1158 της
532 1071 685 1184 Ἑλλήνων
697 1079 846 1184 φλυαρίας
862 1073 1084 1178 ιτλοντήσαντα·
1105 1076 1158 1140 καλ
1177 1073 1235 1178 πρὸ
1252 1069 1359 1139 adsue

257 1167 287 1226 Γ
282 1185 414 1267 ρηγοραν
430 1160 591 1226 ἐκεῖνον
563 1187 614 1226 τον
632 1158 814 1244 ἀποστάτην.
843 1166 874 1227 οἳ
887 1160 986 1225 καί
950 1187 1006 1243 την
1011 1157 1107 1264 χάριν
1120 1157 1264 1235 καθάπαξ
1277 1154 1358 1241 ἤθε-

254 1245 367 1349 τήκασι
380 1252 437 1310 τοῦ
456 1253 536 1312 θεοῦ
554 1245 657 1311 καί
622 1271 680 1330 την
691 1245 840 1350 φυσικὴν
869 1244 964 1310 ατῖτοα
981 1242 1113 1327 δύναμιν
1133 1246 1184 1310 καλ
1205 1246 1359 1326 ἐνίργειαν

255 1326 470 1436 desperationem,
493 1335 641 1440 paplrpe'uv
662 1327 791 1440 δύναμιν
812 1340 969 1413 προσεῖναι
984 1331 1169 1418 λέγοντεςτρῖ
1182 1335 1256 1418 θερο,
1278 1327 1360 1411 μηδὲ

254 1413 374 1502 δωρεάν
387 1441 419 1481 τε
432 1415 583 1500 κα1’χαριν
596 1411 679 1494 ἒξ’
639 1424 736 1482 aurosi
748 1423 925 1499 προϊοῦσαν.

340 1505 446 1562 Sacros
460 1505 584 1580 Tomos,
605 1503 642 1563 ab
658 1505 827 1564 orthodoxa
841 1502 952 1563 Christi
966 1501 1091 1562 ccclesia
1101 1501 1222 1584 publice
1236 1499 1360 1597 exposi-

253 1597 321 1665 tos,
350 1587 403 1666 qui
427 1589 557 1648 voluerit
577 1589 672 1668 legat,
702 1599 731 1649 et
752 1591 850 1650 omnia
871 1589 1026 1668 explorate
1053 1596 1224 1666 cognoscet:
1255 1585 1359 1664 primo

255 1635 375 1754 quidem
393 1692 460 1732 eum
471 1675 598 1732 Tomum
606 1719 615 1750 ,
638 1675 689 1753 qui
705 1675 738 1733 in
748 1675 876 1754 impium
894 1675 981 1733 illurn
994 1674 1182 1732 Barlaamum
1196 1670 1360 1730 Calabrum

215 1757 217 1762 '
255 1759 354 1818 editus
377 1765 521 1818 esurum
543 1757 645 1835 illum,
668 1759 720 1838 qui
741 1759 884 1819 adversus
894 1759 1084 1818 temerarium
1102 1755 1129 1841 ¹)
1152 1755 1358 1836 Acindynum,

253 1843 355 1902 eadem
373 1863 448 1922 quae
469 1843 641 1903 Barlaamus
663 1853 779 1903 tentare
801 1863 905 1904 ausum
922 1841 965 1924 1)·
988 1842 1115 1922 denique
1129 1863 1197 1901 eum
1217 1841 1268 1920 qui
1290 1850 1359 1899 ter·

253 1929 314 1988 tius
337 1928 466 2008 prodiit,
497 1927 678 2009 compositus
697 1929 866 1990 videlicet
857 1951 890 1988 an
916 1949 983 1988 eum
1003 1929 1058 2006 qui
1069 1938 1116 1988 ter
1139 1937 1168 1986 et
1192 1925 1307 2004 saepius
1324 1923 1358 2006 ²)

253 2013 412 2092 (siquidem
424 2014 459 2073 ab
468 2035 502 2074 eo
511 2035 597 2095 saepe
609 2023 666 2073 eta
681 2015 771 2074 variis
785 2025 934 2096 praeterea
941 2012 1097 2074 haereticis
1112 2011 1236 2074 ecclesia
1244 2009 1361 2072 Christi

250 2099 391 2158 similiter
405 2101 577 2178 perturbata
600 2097 674 2198 est),
699 2075 861 2199 Glegoram
875 2101 961 2176 dico,
982 2107 1079 2158 morte
1099 2099 1214 2158 animae
1236 2095 1360 2175 penitus

233 2257 236 2265 Ι
250 2194 420 2260 mortuum
442 2185 651 2263 eundemque
642 2185 804 2265 impietatis
819 2194 941 2246 veterno
957 2193 987 2242 et
1005 2182 1089 2260 gravi
1107 2203 1213 2262 sopore
1218 2194 1360 2261 oppres-

251 2289 330 2330 sum.
374 2270 579 2347 cognoscetis
595 2289 683 2349 quam
697 2270 781 2330 voris
794 2279 823 2330 et
837 2291 926 2349 quarn
939 2268 1062 2327 subdola
1076 2267 1115 2326 sit
1128 2268 1203 2328 haec
1215 2265 1360 2340 haeresis,

250 2375 342 2432 quarn
361 2354 415 2413 Dei
432 2354 553 2413 inimica
569 2363 600 2413 ct
614 2355 721 2432 noxia3
745 2356 810 2434 quis
824 2355 918 2433 ipsius
936 2363 1141 2433 propugnator
1156 2353 1270 2432 primus
1285 2351 1361 2410 suc·

249 2439 309 2513 rit3
333 2437 452 2518 quinam
469 2439 597 2518 denique
611 2439 683 2499 inde
702 2440 800 2501 exorti
821 2460 882 2499 non
905 2438 994 2498 mod'o
1017 2437 1199 2497 infructuosi
1219 2445 1249 2496 et
1268 2455 1361 2495 verae

250 2522 404 2601 religionis
420 2525 518 2583 solum
532 2524 707 2584 infestantes
728 2525 857 2598 surculi,
878 2522 1084 2584 verumetiam
1102 2521 1217 2600 spinosi
1231 2530 1261 2580 et
1273 2519 1361 2580 mul·-

249 2617 316 2671 tum
330 2607 442 2688 asperi,
464 2628 514 2668 sos
530 2629 604 2690 quos
618 2609 721 2688 genuit
746 2609 872 2670 ecclesia
896 2609 995 2667 foetus
1022 2607 1154 2666 molestia
1174 2605 1308 2666 afficiant
1325 2613 1361 2666 ct

250 2693 426 2756 dilacerent.

334 2795 452 2855 Horum
461 2793 658 2878 [Barlaamus]
672 2795 835 2876 impiorum
849 2779 1021 2874 dogmatum
1033 2803 1205 2855 eternorum
1216 2792 1362 2854 heredem

249 2879 356 2941 habuit
369 2881 520 2942 infelicem
534 2883 620 2942 illum
629 2883 835 2962 Acindynum5
853 2883 926 2940 item
938 2881 1074 2960 Dexiuna,
1088 2881 1277 2940 sinistrarum
1289 2899 1362 2958 par.

248 2965 327 3026 tium
340 2964 490 3027 hominem
504 2964 548 3054 ³);
568 2987 625 3027 nec
638 2989 699 3028 non
712 2969 869 3046 Argyrum‚
885 2965 1032 3042 aeruginis
1041 2963 1066 3044 ³)
1082 2965 1204 3046 plenum
1220 2974 1250 3024 et
1259 2964 1358 3022 Grae-

251 3051 373 3112 canicae
395 3053 535 3112 vanitatis
555 3053 627 3112 false
655 3062 774 3112 moneta
791 3048 818 3138 ³)
849 3051 1131 3130 instructissimum
1152 3060 1182 3112 et
1203 3059 1272 3110 ante
1302 3048 1363 3109 hos

250 3145 415 3215 apostatam
433 3137 521 3196 illum
542 3138 713 3216 Gregoram.
754 3136 923 3215 ligratiam
940 3137 994 3195 Dei
1011 3137 1133 3196 omnino
1164 3144 1363 3214 contempse-

132 3244 134 3250 ’
250 3229 333 3297 runt,
355 3223 521 3284 naturalem
533 3223 596 3282 eius
611 3225 752 3284 virtutem
768 3231 798 3280 et
808 3222 1008 3301 operationem
1018 3223 1225 3302 repudiarunt,
1239 3219 1364 3279 nullam

249 3305 312 3366 Deo
328 3308 498 3367 adiunctam
515 3309 676 3386 virtutem,
697 3307 817 3368 nullum
831 3327 870 3367 ex
892 3325 927 3367 eo
943 3305 1072 3386 donum,
1094 3307 1209 3368 nullam
1231 3306 1364 3384 gratiam

249 3393 413 3472 procedere
429 3393 580 3453 dixerunt.

335 3493 450 3570 Habes,
472 3493 528 3554 Vir
541 3493 755 3570 illustrissime,
777 3493 884 3553 selecta
902 3511 918 3550 e
939 3491 1044 3553 multis
1061 3491 1223 3572 Nicephori
1242 3489 1363 3572 Grego-

250 3599 302 3640 rse
318 3579 430 3656 elogis3
451 3577 619 3638 honorifica
638 3579 796 3659 peniteret
813 3577 974 3638 iniuriosa:
997 3598 1071 3657 quae
1085 3577 1175 3656 longo
1196 3577 1362 3638 intervallo

251 3663 393 3724 distantis
407 3673 436 3722 et
449 3665 538 3744 plane
552 3665 700 3744 disparata
711 3665 779 3725 ideo
793 3663 1004 3724 coniunximus
1021 3673 1050 3722 et
1065 3663 1159 3723 oculis
1172 3663 1233 3723 tuis
1243 3663 1364 3723 alterna

251 3749 450 3819 subiecimus,
480 3769 538 3829 quo
555 3750 673 3810 facilius
692 3747 876 3831 perspiceres
902 3767 991 3826 quam
1011 3748 1114 3828 iniqua
1128 3757 1227 3807 essent
1245 3747 1365 3808 iudicia

248 3831 422 3910 hominum,
448 3855 536 3912 quam
554 3855 640 3894 caeca
659 3843 689 3895 et
704 3833 824 3895 affectui
842 3834 981 3894 obnoxia.
1024 3833 1106 3894 illud
1126 3841 1226 3892 tamen
1240 3829 1335 3891 hac'
1326 3853 1364 3894 ιιι

248 3927 336 4000 parte
362 3919 518 3996 diligenter
539 3920 631 3978 velim
651 3920 803 3997 attendas,
824 3941 841 3979 s
863 3918 972 3998 quibus
990 3917 1136 3996 Gregoras
1160 3916 1365 3998 reprehensus

250 4013 281 4064 st
299 4003 489 4066 contumeliis
504 4013 630 4064 vexatus
645 4005 701 4081 sit,
724 4027 773 4065 sos
787 3968 834 4064 illi
849 4005 983 4064 infensos
998 4004 1090 4063 luisse
1103 4003 1143 4062 ob
1158 4023 1221 4062 eam
1235 4023 1365 4082 prorsus

250 4107 370 4150 cauam
376 4137 386 4170 ,
409 4088 481 4170 quia
502 4089 650 4150 saniorem
662 4091 830 4152 doctrinam
846 4099 876 4150 et
894 4108 983 4151 verse
1002 4088 1075 4148 fidei
1089 4089 1227 4167 dogmata
1240 4107 1364 4171 propu-

285 4257 316 4328 1)
333 4259 449 4312 Graecas
461 4257 596 4313 allusiones
608 4258 719 4316 reddere
729 4275 781 4315 non
796 4257 881 4314 licuit.
948 4254 982 4326 2)
1005 4256 1116 4330 supple.
1132 4257 1223 4314 τσιλιτι
1239 4256 1365 4314 tentarit.

249 4325 283 4396 3)
301 4327 446 4384 Alluaicnes
458 4329 492 4384 ad
504 4329 614 4384 uomina.
