3098 4866
293 318 371 448 Ξδδ
596 329 831 403 NICEPHORI
850 329 1089 400 GREGORAE

174 519 204 568 Δ.
220 515 253 568 ld.
295 496 329 562 ἐκ
352 501 415 562 τῶν
434 491 599 584 δμοφύλαιν
613 493 787 583 βαρβάρων
807 496 839 562 ἐν
856 502 970 583 βραχεῖ’
986 487 1238 584 διεπεραιιόσαντο
1262 518 1395 579 συμμα-

181 585 251 704 6331,
293 601 374 684 χίαν.
403 596 478 666 ὅθεν
494 598 540 664 riri
560 597 752 687 παρεξιόντες
773 600 824 665 καλ
842 602 1013 687 αἰφνιδίως
1031 597 1097 682 ἅμα
1119 599 1171 664 καὶ
1192 595 1396 686 ἀπροσδοκή-

179 689 249 777 (lass
295 727 369 780 τους
389 701 499 774 ἄλλοτε
517 701 651 768 drusun
671 698 846 784 ποιούμενοι
860 701 917 778 τὰς
930 699 1062 789 ἐφόδους
1077 698 1185 788 ἐδῄουν
1198 700 1257 786 τὴν
1269 698 1389 790 χάραν.

127 795 380 914 ww.)
409 811 484 880 Τοΐς
507 829 540 891 γε
562 806 624 890 μὴν
647 811 709 871 τῶν
725 801 900 888 ‘Papauer
922 801 1159 892 στρατευμάτοιν
1174 799 1301 890 ἡγεμόσι
1325 810 1393 871 τῶν

259 898 267 913 ’
293 903 501 974 ἀτοπωτάτων
518 905 623 988 ἐδόκει,
641 907 837 992 καθημένους
852 905 927 997 δρᾷν
942 908 1111 994 δῃουμένην
1127 907 1184 991 τὴν
1194 903 1312 995 χάραν.
1340 907 1425 975 διδ5

258 1013 360 1098 mpla
376 1011 423 1074 lul
437 1011 539 1092 μεῖζον
555 1009 692 1097 ἀρθῆναι
701 1006 842 1096 θράσους
854 1010 927 1087 τούς
940 1012 1103 1091 πολεμίους
1116 1013 1167 1075 καὶ
1179 1012 1251 1096 πρὶν
1264 1011 1393 1076 πλείονα

289 1115 348 1199 τὴν
364 1113 525 1179 ἀσθένειαν
540 1123 605 1188 τοῖς
616 1109 773 1197 Ῥωμαίων
791 1117 951 1198 ἐπενεγκεῖν
965 1111 1140 1200 πράγμασι,
1159 1115 1221 1177 δεῖν
1238 1113 1392 1198 ἐνομίσθη

213 1295 218 1312 ι
289 1217 345 1284 τὸν
369 1216 498 1300 βασιλέα
517 1216 648 1300 Μιχαὴλ
678 1213 910 1301 ἀναγκάσαντας
935 1215 1001 1298 άμα
1023 1215 1108 1303 αύτῷ
1129 1212 1230 1280 πάντα
1256 1215 1393 1302 στρατόν

290 1321 501 1406 συναδροΐσαί
524 1345 557 1385 τε
584 1317 693 1384 καὶτὸ
723 1317 871 1407 φρούριον
892 1315 1187 1406 ἐκπολιορκήσαντας
1208 1319 1393 1404 διαφθεῖραι

291 1424 366 1500 τούς
387 1425 557 1506 πολεμίους.
593 1413 630 1488 ού
654 1421 693 1506 δὴ
713 1423 872 1508 γενομένου
892 1419 1003 1497 πάντες
1025 1422 1189 1507 στρατηγοί
1212 1423 1264 1485 καὶ
1287 1417 1391 1487 πάντα
1400 1429 1441 1484 10

292 1523 509 1612 στρατεύματα
534 1528 601 1612 περὶ
622 1525 676 1590 τόν
696 1527 825 1608 βασιλέα
840 1525 1032 1610 ἠθροίζοντο.
1065 1523 1102 1590 ού
1121 1521 1217 1606 μόνον
1232 1523 1280 1604 δέ,
1309 1523 1393 1588 ortu

265 1632 348 1694 ruat
363 1627 429 1694 ὅσοι
446 1631 525 1712 δῆτα
538 1627 635 1715 άγροῦ
652 1630 702 1692 καὶ
719 1630 855 1712 δικέλλης
870 1625 1025 1708 άπόζουσι,
1042 1629 1093 1691 καί
1106 1617 1191 1692 οὗτοι
1205 1623 1318 1704 πάντες
1331 1628 1398 1692 ἐκεῖ

294 1727 520 1814 σσνηλαύνοντο
530 1779 540 1810 ,
576 1732 715 1795 δίκελλαν
738 1730 856 1814 &orreo
877 1731 1005 1806 ἕκαστος
1029 1733 1080 1794 aul
1096 1727 1254 1814 σκαπάνην
1271 1731 1304 1796 ἐν
1320 1738 1392 1796 ταῖν

290 1843 404 1920 χεροῖν.
433 1832 470 1897 οδ
484 1833 543 1919 γάρ
558 1839 707 1898 τοσοῦτον
721 1829 763 1909 ὡς
779 1829 1002 1917 πολεμήσοντες
1015 1829 1152 1918 ἀπῄεσαν
1158 1881 1168 1912 ,
1192 1831 1265 1898 ὅσον
1278 1829 1320 1909 ὥς
1334 1831 1389 1920 ἐφ’

295 1934 402 2022 ἑτοίμῃ
426 1941 465 2022 τῇ
486 1933 594 2024 θήρη,
632 1934 919 2020 συγκαταχιόσοντες
941 1933 1046 2012 αὐτοῖς
1073 1937 1228 2018 πολεμίοις
1252 1934 1330 2002 αύτδ
1352 1935 1392 2002 τό
1400 1941 1436 1998 15

229 2115 237 2124 .
295 2035 453 2128 φρούριον.
489 2035 563 2104 ’όδεν
586 2035 713 2122 άραντες
738 2035 917 2125 ἐπορεύοντο
941 2036 1020 2124 πρὸς
1035 2036 1108 2112 τούς
1127 2039 1290 2120 πολεμίους
1307 2040 1339 2104 o‘r'
1356 2063 1392 2104 τε

295 2143 460 2229 στρατηγοὶ
478 2144 528 2206 καὶ
543 2137 560 2206 ὃ
576 2140 709 2228 στρατός
722 2137 778 2205 σύν
797 2166 830 2226 γε
847 2147 891 2228 τῷ
903 2145 1039 2222 βασιλεῖ,
1067 2139 1164 2206 πολύν
1184 2139 1302 2206 καὶτὸν
1316 2141 1391 2227 ‹lyo-

297 2255 386 2331 ραΐον
409 2240 617 2330 ἐπισυρόμενοι
639 2246 689 2308 καὶ
713 2239 847 2330 άγρότην
865 2242 956 2327 ὄχλον
962 2291 973 2324 ,
1003 2245 1053 2308 καὶ
1076 2241 1142 2310 ὅσοι
1162 2240 1320 2327 σκαπάνης
1340 2245 1392 2310 καλ

181 2343 214 2400 ¹³·
231 2347 281 2404 158
300 2349 436 2432 δικέλλης
453 2345 632 2428 άπόζουσιν,
662 2345 698 2412 οὗ
711 2344 797 2430 μάλα
813 2345 945 2420 άκοντας
967 2343 1115 2421 ἅπαντας.
1150 2342 1211 2411 sini
1227 2345 1287 2434 γὰρ
1305 2345 1392 2412 sines-
1522 2421 1523 2428 η

295 2453 364 2539 ρίας
388 2451 418 2516 oi
438 2456 572 2515 πλεῖστοι
591 2445 837 2532 ξυνελαυνόμενοι
858 2447 935 2535 πρὸς
956 2449 1064 2515 ἐλπίδα
1082 2445 1181 2533 μόνην
1195 2455 1250 2516 τοῦ
1264 2449 1435 2537 κέρδουςλο
1522 2433 1523 2440 ¹

295 2551 400 2640 ἐάριον
409 2573 432 2630 ·,
444 2551 516 2629 τούς
530 2555 549 2616 δ
552 2551 563 2577 ’
582 2553 630 2616 ἐπὶ
644 2548 765 2628 τούτοις
779 2549 936 2628 κινδύνους
946 2549 1031 2638 λήθη
1049 2557 1156 2642 μακρᾷ
1170 2551 1392 2639 ποραπέμτιον·

232 2700 235 2708 -
294 2681 345 2733 τες
366 2656 526 2725 διετέλουν.
577 2651 645 2742 (Ε.)
666 2652 751 2743 Ὅσῳ
773 2655 877 2737 μέντοι
891 2665 956 2730 τοῖς
971 2656 1125 2738 πολεμίοις
1142 2655 1211 2738 ἐνῆν
1232 2653 1392 2742 ἐρρῶσθαι

295 2759 373 2845 πρὸς
388 2758 593 2846 αόδαιρέτους
612 2754 770 2833 κινδύνους
785 2755 836 2822 διά
849 2783 882 2822 τε
898 2757 936 2843 δὴ
953 2757 988 2824 τό
1007 2759 1039 2822 ἐν
1060 2757 1191 2846 πολεμίη
1210 2763 1390 2843 περικεκλεῖ-

296 2870 375 2929 σθαι
390 2868 429 2950 γῇ
442 2865 493 2928 καὶ
510 2859 561 2927 διδ
581 2859 618 2926 orl
631 2857 745 2945 πλήθει
767 2867 901 2949 στρατοῦ
923 2866 1027 2952 πολλῷ
1046 2865 1109 2928 τῶν
1126 2858 1392 2948 ἀντιπαραταττο-

364 3027 392 3082 9.
415 3043 446 3080 τε
461 3023 522 3080 add.
540 3025 572 3078 Δ.
641 3019 685 3081 δά
708 3025 817 3079 πολλάν
833 3025 864 3079 Δ.

297 3161 439 3218 oiis'brevi
458 3165 573 3234 temporo
670 3179 686 3216 a
736 3161 859 3232 pularium
871 3159 1079 3216 nrornmsoxilis
1092 3160 1292 3216 amoverant
1325 3161 1392 3216 Pro-

297 3233 358 3288 lnde
373 3239 538 3286 excurrentes
549 3179 734 3286 alis'infiiunli
741 3231 832 3284 subitis
842 3235 869 3284 et
880 3231 1049 3301 inexpectatis
1060 3229 1243 3300 irruptionibus
1256 3247 1334 3300 agros
1346 3248 1393 3284 vs·

296 3303 409 3358 stabunt.
443 3301 517 3370 (Ν.)
534 3301 642 3354 Romani
660 3307 744 3354 sutem
764 3301 843 3353 duces
861 3301 898 3352 ita
917 3319 946 3353 se
966 3300 1083 3356 desidere
1102 3309 1129 3353 et
1146 3299 1293 3370 provintiae
1306 3305 1393 3354 vnto·

298 3371 393 3424 tionem
423 3387 528 3424 cernere
553 3369 761 3424 absurdissimum
783 3385 840 3422 esse
865 3368 1019 3423 iudicabant
1054 3369 1223 3431 Quamobrem
1245 3366 1393 3440 priusquam

298 3441 409 3495 hostium
421 3439 532 3492 audacie
547 3444 691 3501 cresceret,
709 3446 737 3490 et
748 3437 915 3491 Romanorum
926 3437 994 3492 sires
1012 3438 1093 3506 magis
1106 3443 1293 3502 attererentur,
1310 3439 1394 3508 lmpe-

298 3517 410 3562 retorem
432 3507 598 3572 lliicbea'elem,
616 3507 730 3560 omnibus
741 3506 824 3576 oopiis
838 3507 948 3572 euantis,
966 3506 999 3560 sd
1013 3506 1142 3558 castellum
1156 3523 1171 3559 ο
1191 3507 1352 3575 pugnandum
1366 3513 1394 3560 et

300 3577 421 3630 delendos
438 3576 563 3630 barbaros
582 3575 733 3646 adigendum
747 3591 804 3628 esee
819 3583 979 3631 censuerunt.
1013 3575 1071 3637 Quo
1082 3575 1151 3628 lacto
1168 3525 1244 3628 ‹luoes
1261 3581 1289 3628 et
1301 3575 1393 3628 milites

299 3663 385 3698 omnes
405 3646 438 3698 ad
459 3646 640 3716 Imperatorem
664 3653 846 3697 convenerunt.
880 3645 938 3698 Nec
955 3644 994 3697 illi
1011 3644 1107 3708 solum;
1124 3643 1170 3696 red
1189 3653 1216 3698 et
1227 3643 1355 3712 agricolae
1366 3651 1394 3698 et

299 3715 412 3768 fossores
431 3713 545 3767 universi
562 3713 649 3766 eodem
664 3713 824 3777 confluxere,
840 3713 970 3766 bidentem
981 3712 1090 3782 quisque
1100 3719 1127 3766 et
1140 3713 1250 3780 ligonem
1261 3729 1335 3764 manu
1347 3729 1394 3780 ge·

300 3789 406 3838 euntes.
441 3781 544 3853 Quippe
558 3799 608 3836 non
619 3787 670 3836 tam
684 3781 717 3834 ed
732 3783 869 3850 gerendum
880 3781 980 3844 bellum,
999 3797 1074 3852 quam
1087 3781 1119 3837 sd
1137 3785 1252 3852 paratum
1264 3780 1393 3851 praedam,

297 3853 347 3906 hoo
363 3859 403 3904 est
417 3849 451 3904 ad
465 3852 551 3905 hostes
574 3867 631 3903 oum
645 3850 702 3922 ipsu
716 3851 821 3904 entello
835 3851 1003 3914 evertendos,
1020 3851 1184 3903 accedebant.
1217 3849 1303 3902 Duees
1313 3849 1393 3922 igitur

298 3927 327 3974 et
339 3919 467 3974 exercitus
489 3919 568 3972 omnis
587 3937 642 3972 oum
666 3920 823 3989 Imperatore
836 3920 958 3972 adsersus
971 3921 1068 3972 bostem
1082 3917 1323 3989 proficiscebsnorr,
1341 3935 1393 3972 mu-

299 4007 375 4060 gnam
398 4005 484 4041 secum
506 3989 630 4042 hominum
648 3988 903 4042 circumloraneorum
921 3987 1107 4042 multitudinem
1121 3987 1270 4052 trabentes,
1285 4003 1393 4039 necnon

241 4109 244 4114 .
298 4059 450 4114 mmtiosuum
461 4057 575 4122 turbem,
593 4074 661 4128 quae
682 4057 791 4127 ligonem
812 4057 946 4112 etiamnum
960 4063 987 4110 et
1001 4057 1125 4110 sarculum
1138 4055 1280 4110 redolebat.
1313 4055 1351 4108 Et
1366 4053 1393 4107 bl

300 4128 402 4200 quidem
425 4144 511 4180 omnes
532 4126 599 4180 haud
621 4126 696 4180 inviti
709 4127 896 4196 sequebantur,
913 4143 969 4180 eum
982 4127 1096 4196 plerique
1108 4143 1140 4182 ex
1154 4125 1188 4178 im
1208 4124 1285 4178 eritis
1299 4121 1395 4176 emolu·

300 4203 385 4252 menta
404 4202 503 4250 tantum
519 4194 645 4248 νὶοιοιὶεε
666 4201 830 4264 reputarent,
853 4194 945 4266 quibua
966 4212 1027 4249 vero
1048 4211 1080 4248 ea
1098 4193 1171 4265 perio
1240 4194 1395 4256 comburent,

301 4269 402 4337 penitus
420 4263 639 4319 obliviscerentur.
674 4265 737 4333 (V.)
763 4265 890 4328 Quantum
913 4269 997 4318 sutem
1020 4263 1106 4317 bootes
1132 4265 1166 4317 ed
1190 4261 1307 4332 pericula
1329 4259 1394 4314 ultro

281 4331 285 4338 '
301 4337 427 4411 abemus,
437 4353 467 4392 se
481 4333 678 4400 mannahun,
694 4331 763 4407 qnod
777 4339 804 4389 et
814 4334 842 4388 in
853 4333 941 4389 hostili
958 4339 1029 4390 tems
1040 4331 1153 4389 oouclusi
1166 4339 1194 4388 et
1203 4347 1306 4386 numero
1319 4328 1395 4401 longe
