3034 4856
355 293 605 362 'HISTORIAE
625 293 901 362 BYZANTINAE
924 293 982 360 IX.
1003 299 1032 365 4.
1173 283 1248 357 409

151 457 332 546 κάμψαντες
347 457 471 543 ὁμαλῶς
484 461 706 546 διεπεραιοῦντο
724 455 888 546 περιϊόντες
906 455 1029 542 ἢσόχοις
1043 459 1079 526 τδ
1095 455 1245 547 παράλιον
1296 473 1326 524 Δ.
1343 474 1372 523 G.

151 575 251 649 τεῖχος
259 617 270 646 ,
297 565 382 630 είπου
407 566 566 648 δυνηθεῖεν
579 559 698 628 είσοδόν
717 589 785 628 τινα
802 561 912 652 ῥηιδίαν
928 559 1033 648 εὑρεῖν.
1053 562 1138 626 ’ἀλλ’
1155 564 1184 628 oi
1199 566 1246 628 ἐπὶ
1297 536 1367 661 13²

151 668 191 734 τὸ
206 679 303 752 τεῖχος
324 669 456 755 φρουροί
478 665 713 749 συναισθόμενοι
734 667 906 756 τραχυτέρη
924 673 962 752 τῇ
984 671 1045 751 βοῇ
1059 669 1109 730 καί
1126 673 1169 754 τῷ
1183 673 1243 732 θο·
1297 679 1365 733 1328
1448 697 1449 700 ’

151 769 240 859 ρόβῳ
259 769 444 858 ἐχρήσαντο·
480 772 530 834 καί
555 770 599 854 μὴ
623 769 865 854 ἀποκρινομένων
885 772 936 834 καί
959 771 1070 844 λίθους
1088 767 1149 853 ἤδη
1170 751 1413 870 κατ’ωέὲὲἰὲᾚθ

128 874 258 940 beterio
273 875 406 962 ἤρξαντο
425 871 571 953 πέμπειν,
595 869 636 949 ὥς
661 875 763 938 ἐκεῖνοι
786 873 977 958 φοβηθέντες
997 871 1272 956 ἀναστρέψαντεςῦ

150 975 299 1064 ἀπῄεσαν.
332 974 401 1042 τότε
418 969 656 1060 με’νοδνταῦτα
672 972 825 1061 ἐπράχθη.
880 976 924 1063 (Γ
922 973 945 1060 Ι
975 981 1007 1040 Τ
1005 981 1042 1039 οῦ
1059 974 1092 1038 δ’
1114 972 1251 1052 ἐπιόντος

150 1080 248 1163 μηνός
269 1081 448 1164 δεκεμβρίου
468 1076 636 1166 γράμματα
652 1079 731 1164 πρὸς
745 1086 807 1144 τῶν
824 1078 1071 1145 Θεσσαλονικέων
1086 1074 1194 1164 λα’θρα
1206 1084 1251 1168 τῷ

151 1185 210 1272 νέῳ
240 1185 414 1266 κομίζονται
440 1189 566 1264 βασιλεῖ
567 1232 577 1262 ,
611 1179 865 1269 προσκαλοόμενα
890 1181 947 1265 τὴν
969 1183 1115 1264 ταχίστην
1144 1179 1248 1248 αὐτόν.
1282 1173 1287 1184 ’

151 1282 227 1352 είναι
236 1285 295 1370 χάρ
306 1287 494 1370 ξυγκείμενον
510 1297 574 1361 τοῖς
587 1311 618 1350 τε
633 1283 782 1369 δημόταις
799 1283 894 1350 ἅπασι
908 1287 959 1350 καί
976 1295 1041 1359 τοῖς
1055 1285 1171 1349 πλείοσι
1186 1291 1249 1349 τῶν

108 1395 144 1450 10
152 1386 349 1476 προύχόντων
364 1391 414 1454 καί
431 1379 515 1476 αάτῷ
529 1414 561 1473 γε
577 1389 615 1472 δὴ
629 1395 673 1476 τῷ
690 1388 835 1474 ἀρχιερεῖ,
863 1385 928 1468 ἅμα
943 1395 986 1476 τῷ
1002 1389 1131 1470 πλησίον
1147 1393 1250 1474 φανη-

150 1519 202 1557 ναι
226 1497 282 1557 τοῦ
308 1493 426 1574 τείχους
448 1491 541 1558 αὐτόν
568 1489 744 1576 δραμόντας
767 1491 888 1566 ἀνσίξαί
911 1489 940 1554 οἱ
959 1489 1015 1565 τὰς
1035 1487 1143 1565 πύλας.
1187 1491 1249 1554 ἐπεὶ

150 1601 251 1661 ταῦτα
268 1592 453 1679 ἐμεμαθήκει
469 1591 485 1661 δ
499 1595 654 1677 βασιλεδς,
670 1593 801 1678 συχνοδς
815 1593 974 1680 παραδοδς
987 1599 1031 1681 τῷ
1046 1591 1278 1680 πρωτοστρό-Ῑ)

150 1722 219 1784 τορι
241 1695 432 1783 στρατιώτας
445 1699 588 1784 περιϊέναι
604 1694 843 1784 παρεκελεύσατο
859 1699 909 1761 καί
926 1693 991 1761 οἷον
1009 1719 1248 1782 περιστρατοπε-

152 1797 249 1866 δεόειν
264 1799 322 1884 τὴν
340 1798 564 1883 βασιλεύουσαν
585 1801 695 1888 μικρὸν
711 1800 837 1867 ἀπωθεν
851 1801 901 1864 καί
916 1801 960 1884 μὴ
976 1802 1030 1888 ε’ᾷν
1045 1798 1115 1884 ἀχρι
1130 1796 1249 1884 Ῥηγίου

109 1909 144 1966 15
152 1903 226 1979 τοδς
235 1904 422 1982 Βυζαντίους
430 1901 754 1990 έξιόνταςδιατρίβειν·
775 1905 825 1968 καί
838 1899 916 1987 πρός
929 1927 961 1987 χε
971 1906 1135 1988 λαθραίοις
1148 1899 1250 1988 χρόμ-

150 2031 228 2090 μασι
237 2010 286 2072 καί
295 2005 492 2090 ἀποσχέσεσιν
503 2003 749 2096 δπέρχεσθαικαδ
760 2003 976 2072 ἀποποιεῖσθαι
984 2005 1253 2086 τοδςΒυζαντίους

151 2110 231 2175 κατὰ
244 2110 279 2176 τδ
294 2116 447 2196 προσῆκον
457 2109 586 2201 ἕκιίστῳ.
615 2105 632 2176 ὃ
647 2113 665 2176 δ
670 2111 680 2135 ²
699 2111 820 2194 ὀλίγους
828 2110 911 2185 τινὰς
921 2105 1143 2190 ἀπολεξάμενος
1152 2107 1247 2195 ᾤχετο

150 2211 249 2279 ἀπιὼν
270 2215 301 2290 ές
323 2216 559 2300 Θεσσαλονίκην.
593 2213 700 2297 έτυχον
721 2215 754 2278 δὲ
776 2217 942 2296 τηνικαῦτα
960 2212 1168 2296 διατρίβοντες
1189 2209 1248 2286 ἔξω

148 2323 256 2401 τειχῶν
265 2317 316 2382 διδ
331 2317 389 2394 τὰς
400 2313 540 2402 δποψίας
554 2325 616 2385 τῶν
627 2313 775 2402 θορύβων
789 2313 868 2397 μετά
879 2320 935 2378 τοῦ
952 2311 1012 2378 ἀτιδ
1026 2319 1087 2377 τῶν
1105 2317 1276 2398 Τριβαλ-Ε

107 2425 212 2486 toleio
225 2427 417 2502 συμμαχικοῦ
434 2428 569 2507 στρατοῦ
584 2419 646 2500 ό,τε
665 2414 816 2500 δεσπότης
830 2414 1011 2502 Δημήτριος
1028 2417 1078 2480 καὶ
1093 2411 1109 2480 ὃ
1126 2441 1248 2500 πρωτο-
1353 2407 1354 2411 “

85 2519 88 2526 ¹
149 2521 322 2607 βεστιάριος
343 2520 534 2607 Ἀνδρόνικος
552 2525 602 2587 καί
625 2515 644 2587 δ’
658 2519 751 2586 Ἅσάν
766 2519 914 2603 Μιχαὴλ,
941 2515 1119 2603 ἐπαγόμενοι
1142 2522 1192 2584 καί
1209 2520 1250 2584 rel

149 2624 350 2692 Μακεδονικὰ
359 2630 422 2690 τῶν
433 2621 591 2708 Ῥωμαίων
604 2620 830 2709 στρατεόματα.
859 2613 901 2686 ὧν
918 2623 956 2706 δὴ
973 2624 1024 2687 καί
1039 2619 1178 2704 ἀσχόλων
1196 2621 1249 2688 όν-

150 2751 214 2794 ταιν
233 2729 301 2814 περὶ
319 2726 377 2802 τὰς
390 2727 462 2792 κατ’
479 2727 592 2803 αότοδς
608 2727 728 2810 ἴριδας,
764 2724 802 2801 ἃς
822 2724 987 2812 ἀνίηλεξαν
1007 2727 1179 2802 κενοδοξίας
1198 2727 1250 2789 καί

152 2832 316 2918 φιλαυτίας
334 2831 466 2914 τιλχΐνές
483 2855 582 2915 τινες,
609 2828 629 2917 ἢ
650 2833 769 2916 μᾶλλον
791 2829 945 2916 θεομηνία
965 2852 1011 2906 τις
1016 2876 1029 2912 ,
1054 2829 1107 2894 ἵνα
1121 2827 1160 2894 εδ
1175 2827 1250 2906 κατῖ

221 2957 248 3016 4·
271 2957 318 3014 καί
334 2959 362 3015 εἰ
375 2957 414 3030 μή
432 2959 475 3012 W.

153 3065 228 3134 parte
249 3063 343 3116 sensim
355 3061 388 3115 ad
408 3063 514 3116 alterurn
533 3061 615 3132 ripam
633 3063 799 3134 provehitur,
814 3061 965 3116 maritimam
985 3079 1083 3116 nurum
1102 3061 1182 3116 tacite
1198 3063 1250 3116 cir-

152 3133 281 3196 cumiens,
299 3133 382 3185 sicubi
394 3132 496 3184 facilem
507 3133 648 3200 ingressum
661 3133 776 3202 reperire
789 3139 884 3204 puroet.
919 3131 995 3194 Quod
1012 3133 1030 3184 ii
1048 3133 1092 3199 qui
1110 3133 1136 3184 in
1153 3134 1251 3184 moeni-

152 3202 201 3255 bue
216 3202 378 3254 excubabant
390 3217 446 3254 cum
457 3202 604 3266 renuissent,
622 3203 737 3272 asperior
752 3209 780 3254 et
792 3201 928 3254 vociferati
941 3209 968 3252 et
978 3201 1126 3254 tumultuati
1138 3209 1208 3263 cunt,
1222 3207 1252 3254 et

152 3271 179 3324 in
192 3271 250 3324 illoc
265 3271 328 3324 nibil
341 3270 524 3341 respondentes
535 3287 597 3322 cere
609 3272 685 3324 etiam
703 3269 831 3324 coniicere
845 3279 994 3339 coeperunt,
1012 3271 1092 3322 donec
1105 3269 1183 3323 iidem
1195 3279 1251 3322 ter·-

153 3340 198 3394 riti
217 3357 355 3392 recessere.
389 3343 427 3393 Ac
447 3347 502 3392 tum
526 3339 626 3407 quidem
647 3340 712 3393 boec
731 3349 789 3393 ecta
809 3347 876 3391 runt.
917 3339 992 3406 (ΙΙΙ.)
1009 3339 1148 3408 insequuto
1166 3345 1250 3392 uatem

152 3425 239 3462 merree
259 3408 395 3462 Decembri
411 3409 504 3462 iuniori
527 3409 677 3478 imperatori
700 3409 801 3463 litterae
818 3409 844 3462 T
846 3407 1084 3461 berseloniceneiunr
1104 3410 1167 3461 clam
1184 3409 1250 3460 elle-

153 3487 257 3542 runtur‚
275 3479 367 3548 quibus
380 3495 455 3548 quum
471 3479 578 3548 primum
590 3479 776 3531 arcessebatur.
809 3479 911 3531 Etenim
924 3477 1037 3546 plebeiae
1051 3493 1136 3528 omnen
1148 3485 1175 3530 et
1188 3493 1251 3545 pro·

154 3563 227 3599 cerer
239 3546 375 3629 plerosque
387 3555 414 3600 et
429 3547 513 3617 iprum
535 3547 680 3617 pontificem
698 3547 836 3616 composito
849 3547 1012 3611 decrevisse,
1030 3546 1115 3599 rtatim
1132 3555 1209 3615 etque
1226 3545 1250 3598 ie

153 3631 236 3696 prope
259 3633 358 3668 aroenae
374 3616 501 3670 affuturus
517 3622 602 3681 emet,
632 3617 664 3669 ed
682 3615 765 3700 ipsum
788 3633 923 3670 accurrere
939 3623 967 3668 et
987 3622 1076 3684 portes
1094 3615 1119 3668 ci
1138 3615 1252 3697 aperire.

103 3729 105 3736 ,
155 3685 257 3747 Quibus
271 3684 380 3753 cognitio
392 3685 533 3754 Imperator
543 3701 658 3754 magnum
669 3688 773 3738 militum
792 3703 892 3738 manum
905 3685 1090 3739 Protootretori
1108 3683 1194 3748 deuo,
1212 3684 1251 3736 ei-

154 3769 206 3822 que
218 3753 367 3822 praecepit‚
385 3762 413 3806 ut
427 3755 613 3824 imperatricem
630 3756 724 3808 Urbem
739 3755 885 3808 circumiret
905 3762 932 3808 et
950 3754 1046 3807 eminus
1066 3753 1138 3807 velut
1158 3753 1252 3808 castrt·

156 3823 288 3890 cingeret,
305 3839 352 3874 nec
365 3823 505 3891 Byzantios
520 3841 601 3893 aeque
618 3823 650 3876 ed
667 3823 796 3892 Rhegium
815 3823 905 3892 egredi
922 3824 1018 3877 lorisve
1038 3823 1187 3878 commorari
1205 3840 1253 3892 pa·
1296 3839 1299 3846 ⁴

155 3895 272 3954 teretur,
290 3892 441 3961 eosdemque
453 3893 554 3946 eroanir
568 3893 663 3946 litteris
676 3900 703 3946 et
715 3891 957 3962 pollicitationibus,
975 3909 1043 3962 quae
1055 3893 1147 3962 cuique
1158 3910 1254 3945 conre-

142 3944 257 4037 lnirent,
275 3959 383 4016 ambiret
395 3967 422 4012 et
433 3962 554 4030 potestati
567 3979 631 4015 eune
642 3963 789 4015 subiiceret
824 3963 884 4032 lpre
897 3979 959 4016 vero
972 3981 1029 4014 cum
1042 3965 1131 4032 puncie
1145 3961 1252 4015 delectis

127 4042 147 4076 x:
156 4028 365 4082 Thessalonicam
378 4029 451 4084 abiit.
476 4031 545 4083 Tum
556 4049 628 4094 vero,
646 4038 754 4102 propter
765 4049 810 4084 eur
830 4031 925 4084 iciones
936 4031 1094 4094 tumultuum,
1106 4029 1255 4084 Demetrius

153 4097 270 4166 Deapota
289 4105 316 4150 et
333 4099 552 4152 Protcveetiariur
567 4101 727 4154 Andronicus
749 4105 777 4152 et
819 4101 903 4155 iehan
923 4109 992 4154 Aean
1009 4117 1066 4154 cum
1085 4099 1255 4152 auxiliaribus

154 4160 331 4220 Triballorum
345 4167 427 4237 copiis
440 4175 515 4220 extre
534 4170 633 4222 moenie
649 4169 860 4234 diversabuntur,
877 4175 905 4222 et
918 4169 1099 4224 Macedonicae
1111 4168 1187 4221 etiam
1199 4165 1256 4219 lio-

154 4251 283 4289 manorum
298 4235 415 4306 legiones
440 4253 527 4290 recum
548 4237 686 4292 habebant.
721 4238 776 4300 Qui
791 4239 856 4292 rixie
876 4244 904 4292 et
921 4237 1126 4292 contentionibus
1146 4235 1256 4308 privatin

155 4321 211 4360 oua
225 4311 428 4378 occuparentur,
445 4323 509 4378 queo
529 4307 633 4363 ambitio
645 4315 854 4364 etceecunamor
867 4307 908 4362 rui
927 4309 969 4362 vel
984 4308 1072 4378 potiar
1090 4307 1130 4362 ire
1147 4303 1255 4360 numiui·
