2998 4872
338 325 572 400 murreum
591 297 832 402 eaucousu
852 333 1029 408 etcum
1133 351 1237 403 um

125 493 250 566 gnarum
273 504 290 544 a
303 485 412 565 quilius
423 505 498 548 vero
508 487 666 566 laudatus,
688 491 960 574 eorumplerosque
973 515 1035 556 nou
1047 496 1149 559 studio
1160 519 1236 582 par·

125 571 207 632 tium
231 571 357 646 ductos,
379 572 432 632 sed
454 572 505 632 vel
524 575 665 655 opinione
685 596 739 636 sua
760 577 915 658 deceptos,
937 581 988 641 vel
1009 583 1104 644 amori
1119 582 1167 666 (ut
1184 585 1234 668 fit)

124 655 335 736 indulgentes,
356 658 426 738 plus
442 657 537 718 nimio
553 659 706 722 blsuditos
720 681 783 722 essa
805 662 852 740 ei,
874 683 963 744 quem
981 666 1120 728 laudibus
1141 689 1234 732 orus-

123 751 208 804 rent.
242 742 286 800 Ne
299 750 408 818 autem,
423 741 580 823 suffragiis,
589 747 785 828 computetis,
810 747 927 809 dubites
942 751 1013 827 utri,
1027 773 1078 812 seu
1091 753 1234 834 benignas

126 846 184 886 seu
198 825 327 902 duriori,
343 829 507 888 sententiae
522 831 660 908 accedes,
682 852 717 892 eu
729 831 812 912 quod
827 834 988 914 utrobique
1010 857 1096 916 peres
1109 859 1233 902 numero

126 911 242 971 calculi
258 911 403 972 indicium
418 914 590 992 ambiguum
604 917 725 993 faciant,
747 918 980 982 adnumerentur
990 919 1104 983 isthaec
1116 945 1233 1006 quoque

126 1017 221 1079 supra
235 997 334 1058 allatis
347 997 515 1059 testimonia
528 1002 623 1062 amica
636 1011 667 1062 et
682 1021 763 1064 mere
775 999 1004 1088 έγκοομιαστικοί.

295 1127 370 1196 XV.
394 1129 646 1201 (tarraconense
656 1131 745 1200 Hiet.
759 1133 887 1206 Lim.
910 1129 989 1226 Cup.
1009 1157 1068 1204 ιι.
1167 1137 1173 1154 ’

218 1230 259 1298 Τδ
272 1227 303 1298 δ’
324 1230 397 1300 ον’τδ
414 1241 503 1302 τοῦτο
527 1237 580 1302 καί
592 1241 761 1320 Μειοχίτης
778 1236 795 1303 δ
814 1237 921 1344 μέγας,
942 1236 978 1315 δς
997 1233 1161 1320 μεσιτείαν
1175 1239 1232 1323 μέν

122 1311 196 1384 τότε
216 1324 258 1400 κη’
266 1317 422 1403 ,διοικήσει
442 1328 505 1386 τοῖν
523 1325 686 1404 βασιλικῶν
701 1347 885 1432 κραγματον
903 1315 962 1406 ήν,
983 1323 1081 1402 ἄλλοις
1096 1323 1129 1390 dl
1150 1321 1231 1411 οἷγχί-

124 1427 217 1482 νονς,
240 1403 292 1468 καί
314 1401 352 1470 οδ
374 1400 467 1488 μόνον
482 1411 537 1489 τῆς
550 1403 629 1472 καθ’
646 1407 744 1490 ήμᾶς,
766 1405 840 1472 eliel
855 1408 907 1472 καί
919 1415 974 1492 τῆς
989 1409 1043 1488 tte
1062 1412 1171 1490 σοφίας
1187 1413 1231 1488 είς

125 1485 224 1572 ἄκρον
237 1487 400 1571 ἐληλακτίς.
430 1489 488 1574 τήν
502 1491 560 1576 γδρ
575 1488 785 1575 α’στρονομίαν,
799 1487 862 1558 sind
875 1518 957 1569 τινος
969 1497 1136 1579 Βρνεννίον
1151 1491 1231 1576 φατί-

124 1580 181 1648 λας
201 1572 287 1649 τινδς
308 1575 360 1640 καί
384 1572 438 1640 oris
452 1573 589 1660 οίκριβεῖς
607 1573 691 1641 πάνυ
703 1577 887 1662 παραλαβαίν
902 1574 1011 1662 α’ρχδς,
1034 1575 1126 1656 οδτδς
1141 1583 1231 1657 ἰδίοις

124 1653 236 1734 πόνοις
249 1657 487 1746 έξηκριβοίσατο,
511 1663 552 1737 οἱς
565 1663 617 1725 καί
633 1661 706 1744 perol
716 1669 810 1726 ταῦτα
822 1661 952 1738 πολλοδς
964 1664 997 1728 έν
1010 1661 1158 1752 ἐπιστήμη
1173 1671 1230 1730 τοιῑ

127 1739 311 1828 μαθήματος
336 1744 393 1809 σδν
413 1743 553 1834 ἀκριβείᾳ
566 1748 707 1830 γενέσθαι
723 1743 799 1833 παρ’
813 1744 908 1814 αὐτοῦ
922 1750 1126 1830 διδαχθέντας.
1149 1749 1229 1815 δκαί

123 1825 339 1910 θαυμάζοντος
358 1832 521 1913 βασιλέως,
549 1833 601 1896 καί
622 1827 697 1916 πρός
715 1857 783 1898 τινα
809 1839 872 1897 τοῖν
891 1834 995 1922 ἐκείνρι
1016 1831 1228 1917 φοιτησοίντων

124 1914 288 1998 ἐρομένου,
309 1915 494 2000 δΓρηγορᾶς
518 1910 607 1992 οὗτος
625 1911 683 2000 ήν,
704 1924 770 1994 πῶς
792 1916 809 1983 δ
830 1921 1017 2000 Μετοχίτης,
1045 1921 1078 1984 ἐκ
1100 1917 1228 2000 φαύλων
1296 1935 1299 1967 ¹

122 2004 187 2062 suiv
201 1995 300 2081 α’ρχοῖν
314 1999 499 2084 ω’ρμημένος,
521 1999 617 2077 οὕτως
630 1998 776 2085 ήδννήθη
790 2001 867 2088 πρδς
881 2007 995 2068 τελείαν
1008 2000 1157 2088 ἐξεύρεσιν
1171 2009 1229 2070 ποῦ’

122 2080 307 2167 μαθήματος
324 2087 441 2150 ἐλθεῖν·
465 2083 503 2151 οὔ
516 2086 702 2169 θανμαστδν,
721 2084 827 2168 φάναι,
844 2091 978 2170 βασιλεῦ,
999 2087 1050 2153 τδν
1062 2090 1229 2173 ἐρωτηθέν-

121 2195 174 2248 τα,
196 2170 229 2233 έκ
252 2165 410 2252 λαμπάδος
431 2177 538 2254 μικρᾶς
559 2171 678 2253 πνρσδν
701 2169 882 2255 οἷναφδήναι
898 2173 1003 2257 μέγαν·
1027 2175 1228 2240 ἐπαινέσαιτε

122 2261 234 2359 τορῐτον
248 2261 304 2338 τῆς
316 2249 469 2340 α’γχινοίας
481 2254 535 2321 τδν
550 2257 682 2339 βασιλέα,
703 2259 757 2323 καί
769 2255 804 2323 sd
820 2260 932 2324 οἰκεῖον
944 2263 1000 2342 τής
1015 2254 1134 2336 εἰκόνος
1148 2267 1227 2324 θαν-

146 2361 229 2406 ασαι.

122 2365 144 2425 Ρ
206 2426 355 2506 idipsum
372 2437 401 2488 et
419 2447 543 2508 maguus
556 2427 720 2508 Logotheta
731 2426 905 2489 Metouhites
916 2427 1073 2510 praestitit,
1096 2429 1228 2508 quitum

121 2509 244 2572 domum
257 2513 482 2594 Imperator-iam
505 2515 566 2574 sive
585 2515 683 2574 sulem
707 2513 846 2593 regebat,
867 2514 917 2576 vir
936 2514 1045 2594 alioqui
1065 2515 1174 2592 solers,
1197 2523 1229 2574 et

120 2617 184 2656 nou
207 2596 384 2658 Christianis
404 2599 512 2676 modo,
542 2599 594 2659 sed
613 2599 746 2660 externis
768 2600 858 2660 etiam
885 2599 996 2660 littaris
1021 2599 1228 2680 politissimus.

120 2682 238 2742 Etenim
250 2703 319 2742 cum
333 2685 530 2744 astronomiae
544 2685 725 2766 principiae
747 2685 877 2764 quodam
895 2683 1044 2765 Bryennio
1064 2685 1180 2744 minuta
1194 2693 1228 2744 et

118 2767 296 2848 imperfecta
311 2769 492 2849 accepisset,
514 2769 633 2850 ipsein
655 2789 691 2829 eo
711 2771 814 2829 studio
840 2769 1061 2830 accuratissima
1094 2769 1225 2846 diligen-

120 2851 165 2912 tia
180 2873 234 2912 sue
249 2863 348 2914 tantos
363 2874 538 2934 progressus
553 2855 643 2932 fecit,
668 2863 705 2914 ut
718 2854 827 2914 deinde
841 2875 959 2934 quoque
974 2853 1116 2932 permulti
1130 2853 1162 2912 in
1172 2873 1225 2912 ee-

121 2935 193 2997 dem
214 2937 335 2999 scientie
361 2939 428 3020 ipso
450 2947 642 3020 praeceptore
672 2957 845 3020 progressus
878 2937 1002 2998 manius
1025 2937 1126 3017 adepti
1150 2938 1223 3000 sint.

122 3021 217 3096 Quod
250 3043 316 3083 cum
334 3023 500 3104 Imperetur
521 3025 670 3084 admirans
693 3023 854 3104 Gregoram
876 3024 939 3083 eius
960 3022 1124 3082 auditorem
1147 3043 1248 3103 per-2

118 3116 331 3186 cunctaretur,
353 3110 405 3189 qui
425 3110 546 3170 tandem
566 3107 761 3184 Metocliites,
782 3129 799 3168 a
820 3117 881 3168 tam
904 3107 1045 3168 tenuibus
1068 3109 1223 3188 proiectus

119 3191 232 3267 initiis,
255 3194 292 3252 ud
308 3193 427 3274 plenum
446 3193 535 3254 huius
548 3194 724 3274 disciplinae
740 3193 938 3272 cognitionem
958 3192 1089 3272 aspirare
1104 3192 1223 3272 potuis-
1251 3251 1253 3256 ,

119 3287 178 3354 set,
201 3277 318 3338 audivit
333 3279 370 3336 ab
387 3301 436 3356 eo,
460 3281 543 3339 τιίίιίί
559 3301 620 3338 esse
638 3281 749 3338 mirum
762 3300 797 3338 ex
807 3299 911 3358 parva
925 3276 1068 3356 lampade
1082 3277 1222 3334 luculen-

119 3365 306 3440 tansferens
330 3363 462 3424 accendi.
505 3363 653 3424 Laudavit
673 3363 882 3445 respondentis
904 3381 1030 3424 acumen
1048 3361 1222 3442 Imperator,

119 3459 150 3508 et
160 3448 289 3526 imagine
305 3449 392 3510 obvie
408 3471 444 3509 ao
457 3450 598 3510 familiari
614 3460 751 3510 naturam
764 3449 808 3511 rei
824 3459 893 3509 aute
906 3449 1009 3510 oculos
1021 3457 1152 3529 ponente
1167 3447 1223 3508 de-

119 3533 248 3594 lectatus
263 3543 317 3596 est.

119 3647 211 3716 XVI.
226 3649 331 3716 Isaac
337 3648 507 3738 Argyrns,
527 3648 610 3737 Oap.
631 3669 714 3714 αντ.
728 3647 918 3739 δοκιμασία
932 3648 1076 3716 Petuvr'o
1088 3646 1173 3716 editi
1185 3649 1225 3733 ¹).

195 3739 311 3816 vTenios
334 3751 389 3832 μὲν
404 3745 462 3817 οὖν
480 3751 585 3834 ήμεῖς,
608 3751 660 3814 καί
676 3749 736 3838 πρδ
750 3753 839 3834 ήμῶν
855 3747 1055 3832 ὅσοφοίτατος
1067 3755 1226 3836 Γρηγορᾶς

121 3832 271 3915 ἐπέδειξε,
302 3835 358 3901 τδν
385 3837 455 3922 περὶ
481 3832 599 3901 τούτων
624 3831 712 3920 λόγον
738 3837 916 3920 ἐνθέμενος,
949 3840 1095 3919 μηδεμιᾶς
1116 3839 1227 3916 σοφίας

120 3919 374 4005 οίπσλειπδμενον,
396 3923 449 3986 καί
470 3918 544 3986 oded
562 3917 596 3985 τδ
611 3916 757 3986 κανόνιον
781 3917 984 4004 μεταποιήσας
1002 3922 1055 3984 καλ
1078 3916 1226 3986 duorum

120 4003 230 4092 στήσας
256 4010 301 4084 είς
322 4005 381 4090 τήν
395 4005 471 4072 κατὰ
484 4003 557 4080 sotir
569 4010 629 4070 νεῖν
648 4002 775 4092 χρδνονς
789 4003 985 4089 ὀφειλομένην
1000 4002 1080 4092 crispi
1096 4001 1225 4088 διδρθοι·

122 4111 183 4158 σιν·
206 4091 243 4169 ds,-
265 4092 319 4156 καί
339 4099 403 4170 τοῖς
423 4098 517 4158 τεοῖσιν
531 4089 664 4173 ἐμφανές
684 4090 830 4167 καταστὰς
843 4089 912 4175 δι’χρι
925 4091 978 4156 καὶ
997 4087 1091 4155 nidred
1103 4095 1159 4154 τοῦ
1170 4093 1224 4173 βα-

122 4177 225 4255 σιλέως
237 4172 372 4244 ἐνοίκιον
385 4177 439 4243 καί
449 4183 505 4260 τῆς
519 4177 589 4263 περί
604 4170 697 4244 adadu
713 4173 900 4262 συγκλήτου,
922 4177 965 4242 έτι
981 4175 1015 4242 dl
1030 4176 1082 4242 καί
1092 4179 1155 4240 τοῖν
1169 4178 1225 4256 τῆς
1266 4191 1279 4210 ·

68 4315 73 4324 ’
156 4329 187 4402 1)
204 4327 348 4399 nmnog.
365 4345 427 4402 μς.
440 4329 501 4388 sss

174 4417 338 4490 urentem
355 4417 469 4491 megs.
500 4413 597 4471 socr.
1005 4400 1022 4458 f
