2998 4872
356 327 589 403 Nlcssafloul
610 329 851 404 Ganuenta
870 333 1050 407 moola.
1153 349 1252 402 mas

143 497 183 548 et
202 495 389 550 caeterorum
400 487 561 550 discrimen
576 488 699 552 avidam
713 489 825 555 saciati.
866 491 941 554 Nam
952 492 984 554 in
998 493 1105 574 quibus
1118 490 1248 577 particu-

142 573 234 634 latim
247 573 375 654 quisque
387 575 578 656 praecipuum
593 585 622 636 et
636 576 815 655 singularem
830 597 950 660 operam
965 591 1146 663 posuerunt,
1163 583 1247 647 iniis

145 659 296 738 quosdam
318 679 526 740 supergressus
546 681 593 738 es,
615 681 684 722 cum
704 661 769 722 aliis
786 661 824 722 de
843 663 942 744 palma
954 666 1149 745 contendisti,
1170 687 1248 730 nus-

144 765 238 822 quam
259 745 337 804 infra
349 746 464 826 primos
477 746 647 806 substitisti:
669 747 780 823 immo,
800 756 836 806 ut
849 747 1016 808 summatim
1032 749 1146 829 dicam,
1168 773 1247 818 unus

142 827 206 888 hos
220 849 323 890 omnes
336 851 370 890 re
384 831 451 912 ipsa
465 829 625 912 superasti,
647 851 682 892 eo
696 832 778 912 quod
792 832 900 892 abillis
917 834 1057 914 pleraque
1069 837 1246 918 multiplicis

144 913 304 974 doctrinae
320 935 428 994 genera
447 918 581 996 neglecta
597 926 685 993 sunt;
708 927 744 976 tu
760 937 831 978 vero
844 917 984 978 universa
1004 918 1091 980 simul
1104 943 1245 1002 perscru-

142 1007 229 1058 tatus
252 1004 301 1077 ei,
324 1009 354 1060 et
371 1021 410 1062 ex
428 1003 509 1062 omni
531 1001 708 1062 eruditionis
725 1011 810 1082 parts
822 1004 939 1064 fructus
954 1001 1078 1064 eximios
1091 1008 1247 1086 produxi-

144 1085 203 1160 sti,
224 1081 373 1165 hebesque
393 1085 429 1144 ab
454 1087 679 1146 omniscientis
705 1089 812 1147 famam
828 1097 858 1148 et
871 1109 997 1164 nomen,
1020 1089 1064 1149 sic
1079 1099 1114 1149 ut
1125 1099 1247 1171 poetam

143 1179 189 1244 te,
214 1179 371 1246 oratorem,
394 1171 567 1252 sophistam,
588 1169 775 1248 historicum,
797 1183 828 1232 et
849 1171 1059 1252 aliissingulis
1075 1177 1245 1240 nominibus

141 1254 256 1333 siquis
270 1255 444 1336 compellet,
464 1257 491 1318 is
513 1279 530 1317 s
551 1277 623 1317 vero
640 1257 831 1319 aberraturus
848 1259 974 1318 nonsit.
1016 1259 1077 1318 lam
1091 1259 1128 1320 ab
1142 1261 1246 1342 pbilo-

142 1337 269 1419 sophis,
291 1341 482 1402 scientiarum
505 1342 729 1422 augustissima,
758 1343 827 1422 quis
847 1363 924 1404 vere¹
942 1351 988 1402 est
1013 1343 1246 1408 denominatus?

141 1425 254 1484 Nonne
273 1426 318 1503 is,
338 1426 392 1506 qui
412 1448 475 1488 non
487 1427 585 1487 solum
602 1447 635 1488 re
649 1425 698 1510 (ut
711 1427 753 1486 ita
769 1426 881 1509 dicam)
895 1427 1094 1509 philosophus
1104 1439 1166 1505 est,
1192 1433 1245 1492 sed

142 1509 196 1570 cui
208 1509 269 1570 boc
285 1531 394 1571 nomen
410 1509 438 1590 ¹)
461 1513 498 1572 ab
514 1511 653 1572 omnibus
665 1533 720 1594 pro
736 1509 792 1570 alia
810 1513 916 1592 quavis
925 1514 1125 1594 appellatione
1139 1513 1246 1578 tribui.

140 1594 220 1654 tur‘l
240 1595 330 1656 Multi
355 1596 563 1678 philosophiae
584 1598 780 1658 studuerunt:
802 1617 880 1657 unus
901 1607 935 1658 tu
948 1616 1058 1658 nomen
1075 1620 1112 1660 ax
1128 1621 1161 1660 ea
1175 1622 1246 1662 sor·

140 1681 220 1740 titus
231 1702 267 1770 gs
279 1682 431 1743 eximium.
473 1682 592 1744 Etenim
612 1703 712 1744 rerum
729 1682 927 1760 cognitionem
941 1693 1054 1744 certam
1071 1685 1127 1744 tibi
1140 1687 1246 1766 provi·

141 1765 218 1826 dere
240 1775 269 1826 et
288 1765 398 1827 harum
413 1787 516 1828 causas
539 1768 671 1850 perfecte
692 1767 850 1848 explorare
867 1788 936 1828 cum
951 1770 1062 1846 velles,
1083 1769 1245 1850 physiolo-

142 1849 226 1930 giam
240 1851 357 1930 quidam
367 1849 545 1930 uuiversum,
561 1863 590 1912 et
598 1851 789 1931 theologiam,
804 1861 834 1913 et
848 1853 959 1932 logicas
972 1856 1243 1932 argumentationes

143 1933 315 2013 diligentius
327 1939 545 2018 pervestigasti,
567 1959 655 2018 quam
670 1959 704 1997 aa
718 1957 794 2018 quse
807 1937 953 1998 dicuntur
967 1939 1137 2000 rudimenta
1152 1941 1245 2020 primi

141 2039 306 2102 puerorum
328 2023 477 2088 doctores.
520 2023 597 2084 Tum
617 2023 810 2084 scientiarum
829 2023 1041 2104 primariorum
1063 2045 1115 2084 sen
1129 2025 1243 2086 mathe-

139 2115 255 2166 matum
272 2107 372 2168 studio
386 2107 419 2166 id
434 2117 610 2189 assequutus
631 2129 677 2185 as,
699 2118 735 2168 nt
755 2109 826 2168 solis
842 2117 958 2168 motum
971 2117 1000 2169 et
1012 2129 1148 2186 cursum,
1169 2111 1243 2170 reli-

141 2211 274 2272 quorum
296 2193 428 2254 siderum
445 2202 622 2274 potestates,
645 2193 738 2252 totins
759 2191 865 2253 mundi
886 2202 918 2253 at
931 2194 1062 2274 partium
1085 2195 1149 2255 eius
1161 2194 1243 2258 inter

141 2295 176 2337 se
190 2297 393 2338 connexarum
408 2288 602 2353 concentum,
625 2277 866 2359 dispositionem,
887 2279 1129 2359 proportionem,
1148 2281 1242 2359 magis

141 2381 232 2444 quam
246 2361 493 2444 aliusquisquem
505 2363 695 2442 intelligeres.
738 2363 869 2438 Quaatu
884 2363 1019 2424 docendo
1037 2385 1104 2425 cum
1122 2384 1242 2426 enarres
1373 2389 1379 2394 ·

141 2457 176 2508 et
196 2447 334 2529 plurimis
358 2449 514 2528 discipulis
534 2450 651 2526 undas,
674 2448 798 2528 singulis
816 2470 873 2529 pro
892 2469 945 2508 suo
959 2457 1050 2530 captu
1064 2449 1242 2532 accipienti-

139 2531 217 2610 bus,
237 2554 301 2594 non
321 2534 399 2594 sines
416 2533 657 2614 philosophiam,
682 2535 769 2594 cuius
793 2534 838 2594 rei
860 2533 1007 2614 possessio
1034 2534 1148 2596 homini
1163 2537 1241 2617 pul-

139 2617 292 2680 cherrima
305 2627 359 2696 est,
371 2620 492 2699 penitus
508 2639 547 2678 ex
558 2617 729 2680 bominibus
743 2619 891 2680 sublatam
905 2619 1076 2682 obscuraris
1089 2621 1141 2682 sed
1154 2621 1241 2682 libris

137 2704 247 2764 maiori
276 2704 487 2785 perspicuitate
507 2705 680 2785 compositis
701 2703 889 2784 quorundam
908 2704 1032 2766 obscure
1049 2707 1129 2766 dicta
1143 2708 1239 2766 rosor.

136 2788 251 2860 mabis,
271 2789 630 2870 interpretationibusque
650 2798 680 2849 et
699 2789 864 2870 praeceptis
885 2790 1036 2850 auditores
1052 2791 1095 2850 ita
1110 2790 1238 2865 erudies,

136 2883 180 2934 ut
208 2893 271 2932 eam
299 2875 454 2935 scientiam
483 2874 650 2955 posteritati
677 2873 833 2956 florentem
853 2874 1082 2934 transmissurus
1101 2874 1152 2934 sis.
1194 2874 1239 2934 Ac

137 2959 283 3020 nonnulli
296 2959 417 3040 quidem
431 2969 581 3035 oratores,
604 2979 671 3020 omn
685 2957 805 3038 ingenio
819 2959 916 3018 minus
935 2960 1086 3038 valerent,
1107 2958 1238 3019 dicendo

136 3044 231 3122 longe
251 3045 473 3124 praestiterant.
516 3045 577 3104 Alii
598 3053 703 3104 contra
724 3043 910 3124 intelligendi
933 3043 1074 3104 facultate
1090 3043 1241 3124 pollentes

135 3128 213 3192 rudi
230 3137 260 3188 et
284 3129 483 3210 incomposito
507 3148 643 3190 sermone
662 3129 708 3188 nsi
722 3139 802 3189 sunt.
845 3129 998 3202 Quosdam
1013 3129 1128 3204 videas,
1149 3129 1239 3190 etiam

137 3213 224 3296 quod
245 3213 281 3274 ad
305 3215 525 3293 grammaticam
545 3223 639 3274 artem
655 3215 779 3292 attinet,
800 3211 877 3274 nihil
900 3215 936 3272 ab
956 3211 1016 3272 illis
1031 3211 1162 3290 differre,
1185 3213 1240 3293 qui

135 3298 262 3360 minime
281 3299 367 3380 loqui
393 3301 512 3374 sciunt,
533 3309 569 3360 nt
592 3299 630 3360 iis
651 3299 744 3378 magis
759 3299 900 3379 expediat
921 3297 1026 3376 silere,
1049 3317 1140 3378 quam
1154 3297 1238 3382 turpi

137 3383 326 3464 ignorantias
350 3384 474 3446 crimine
494 3384 587 3464 argui.
630 3383 677 3444 Tu
698 3384 834 3444 doctrina
856 3392 886 3444 et
908 3382 1027 3462 ingenio
1049 3383 1174 3462 eosqui
1191 3381 1239 3444 bis

134 3469 228 3530 rebus
245 3469 468 3530 instructissimi
489 3471 630 3543 fuerunt,
651 3469 792 3530 facundia
811 3478 841 3528 st
868 3468 1029 3530 verborum
1048 3467 1166 3530 delectu
1187 3488 1239 3528 eos

136 3553 192 3634 qui
210 3555 241 3612 ln
264 3553 322 3614 bac
343 3565 428 3636 parte
447 3556 655 3636 excelluerunt
674 3555 839 3615 aemulatus
857 3573 899 3614 es.
942 3553 1048 3634 Itaque
1067 3562 1150 3614 tuam
1173 3553 1240 3614 elo-

137 3639 292 3718 quentiam
316 3659 354 3700 ex
374 3639 448 3721 ipsis
471 3640 557 3720 quasi
577 3639 672 3700 hortis
691 3639 798 3700 asticis
812 3639 1009 3720 prodeuntem
1022 3637 1055 3698 in
1072 3659 1128 3700 nos
1148 3639 1239 3700 inva-

136 3725 210 3784 dere
223 3725 376 3802 sentimus,
399 3726 515 3804 quoties
531 3724 625 3784 libros
637 3734 707 3784 tuos
723 3725 756 3784 in
776 3743 881 3784 manus
896 3723 1055 3784 sumnnusa
1078 3743 1114 3784 ae
1126 3743 1239 3784 sermo-

134 3829 210 3868 num
236 3817 361 3870 tuorum
391 3809 539 3870 illecebris
563 3810 649 3870 velut
667 3809 812 3870 machinis
832 3809 1011 3890 quibusdam
1034 3807 1113 3889 capti
1133 3827 1237 3870 omnes

134 3903 359 3975 expugnantur,
371 3905 528 3976 propterea
542 3893 623 3975 quod
636 3895 823 3955 efflorescens
836 3914 875 3954 ex
889 3893 925 3954 iis
937 3895 1021 3974 lepos
1036 3903 1066 3952 et
1078 3893 1238 3954 verborum

135 3989 299 4060 apparatus
317 3979 549 4062 speciosissimus
569 3980 735 4041 auditorem
746 3979 894 4040 alliciunt.
936 3980 1040 4058 Neque
1053 3999 1125 4040 vero
1139 3979 1236 4038 multa

132 4073 168 4126 te
181 4065 310 4124 eruditio
333 4065 506 4146 probibuit,
528 4085 568 4126 ne
582 4065 728 4128 orationes
744 4064 958 4146 quamoptime
977 4063 1158 4140 elaborares,
1181 4082 1238 4126 nec

134 4169 306 4211 emmonem
330 4161 417 4212 tunm
440 4151 505 4212 ulla
522 4151 590 4212 labe
617 4151 770 4234 corrupit,
798 4150 901 4212 eiusce
928 4149 1107 4232 expolitioni
1130 4147 1237 4214 obluit,

171 4331 202 4402 1)
224 4331 361 4404 Gregeras
381 4333 551 4406 Pbs'tosopbaa
566 4349 614 4408 per
628 4332 830 4390 antonomasiam
846 4329 943 4390 unas.
