2998 4872
262 255 301 302 vr
686 237 1023 308 PRAEMONI'I'UM.

262 401 391 494 paruit,
413 421 522 488 neque
547 398 614 466 eius
636 415 715 462 cura
736 393 825 462 ultra
844 392 971 462 librum
992 394 1183 462 vicesimum
1206 403 1366 482 quartum

264 521 435 611 processit.
479 516 541 582 llla
561 527 732 606 postrema
755 516 866 604 operis
884 537 960 603 pars
984 515 1167 580 etiamnum
1191 515 1311 580 inedita
1331 515 1368 578 in

264 637 465 705 bibliotheca
478 637 650 717 Vaticana,
671 634 795 723 partim
811 631 912 698 etiam
927 634 961 697 in
978 631 1139 712 Parisino,
1160 633 1257 714 latet,
1279 632 1369 698 unde

265 770 306 825 ut
318 761 353 824 in
367 758 475 824 lucem
487 755 764 840 eruditorumque
778 773 878 820 usum
896 751 1071 839 aliquando
1086 751 1242 841 prodeat,
1267 751 1370 838 idque

266 879 480 968 potissimum
497 896 600 964 opera
616 871 661 937 ill.
676 871 781 952 Hasii,
804 872 863 962 qui
879 873 947 938 eius
961 873 1010 938 rei
1024 896 1120 961 spcm
1133 872 1223 952 fecit,
1245 871 1369 934 harum

266 997 456 1062 litterarum
476 1015 572 1060 causa
594 990 805 1058 vehementer
836 1004 1004 1080 optamus.
1052 991 1150 1056 Nune
1172 991 1205 1056 id
1232 1011 1371 1078 operam

268 1115 434 1194 dedimus,
458 1125 496 1178 ut
509 1109 690 1200 Nicephori
710 1107 866 1191 historia,
888 1124 1051 1198 quatenus
1070 1111 1106 1180 iu
1125 1109 1266 1177 editione
1282 1109 1373 1172 Pari-

269 1236 337 1299 sina
356 1243 500 1312 exteret,
528 1231 564 1296 in
585 1230 651 1296 hoc
675 1231 941 1318 Byzantinorum
976 1231 1189 1320 Scriptorum
1219 1229 1373 1317 Corpore

268 1352 310 1418 ad
327 1349 476 1418 eiusdem
500 1350 650 1416 editionis
678 1347 779 1416 fidem
811 1349 1027 1416 exhiberetur
1053 1363 1151 1438 atque
1180 1347 1279 1430 adeo,
1306 1369 1374 1412 no-

268 1492 329 1536 vae
350 1469 583 1556 recognitionis
605 1489 684 1533 cura
709 1479 875 1556 suscepta,
903 1471 1083 1536 correctior
1112 1467 1238 1554 aliquot
1266 1466 1376 1555 parti-

268 1588 332 1654 bus
354 1601 385 1654 et
411 1588 615 1654 emendatior
627 1585 786 1674 prodiret.
829 1584 952 1674 Inque
968 1609 1087 1675 genere
1117 1585 1264 1652 multum
1289 1583 1376 1660 mihi

265 1705 402 1797 profuit
429 1707 564 1794 insignis
584 1705 750 1770 variarum
767 1705 950 1774 lectionum
965 1709 1077 1796 copia,
1100 1728 1201 1796 quam
1217 1705 1377 1774 Boivinus

271 1850 350 1894 cum
370 1827 439 1896 aliis
458 1850 476 1892 e
496 1823 677 1904 codicibus,
697 1835 772 1890 tum
785 1827 963 1916 praecipue
979 1849 996 1892 e
1013 1825 1158 1892 Parisino
1179 1829 1280 1904 2558,
1303 1827 1379 1892 exi-

270 1948 356 2013 miae
368 1945 525 2012 bonitatis
542 1944 646 2025 libro,
667 1945 794 2010 curiose
814 1956 1002 2043 congestam
1018 1946 1054 2010 in
1074 1944 1279 2032 marginibus
1301 1945 1378 2010 edi·-

270 2066 370 2130 tionis
387 2087 464 2130 suae
478 2064 601 2154 posuit,
644 2061 790 2128 Adhibui
803 2075 973 2152 praeterea
988 2063 1175 2131 lectionum
1197 2066 1379 2145 varietates,

272 2205 355 2272 quas
378 2185 521 2250 eoodice
533 2182 691 2248 Vaticano
714 2181 800 2248 idem
821 2183 1008 2250 amicorum
1030 2207 1131 2274 opera
1151 2183 1380 2251 describendas

272 2315 464 2384 curaverat,
485 2303 540 2368 aed
555 2325 632 2368 cum
647 2303 771 2383 serius,
793 2323 895 2390 quam
913 2302 1109 2395 oportebat,
1131 2303 1239 2370 Roma
1263 2303 1381 2370 allatae

272 2434 395 2500 essent,
425 2421 465 2488 ad
489 2420 611 2488 calcem
634 2421 719 2487 tomi
737 2421 872 2487 secundi
895 2424 982 2488 inter
1001 2424 1238 2490 Annotetiones
1254 2424 1381 2490 reiece-

271 2551 335 2606 rat.
376 2541 461 2607 Hino
475 2565 525 2608 ess
538 2543 574 2608 in
594 2541 683 2608 sedes
694 2562 769 2606 suas
782 2541 933 2608 revocavi
946 2555 978 2608 et
992 2522 1020 2607 si
1036 2565 1120 2632 quae
1136 2540 1312 2608 Wolfiauis
1327 2541 1382 2608 le-

274 2659 440 2726 ctionibus
457 2659 610 2726 meliores
631 2661 717 2727 visae
737 2671 858 2740 essent,
877 2661 914 2725 in
935 2683 1049 2750 rpsum
1075 2661 1259 2729 verborum
1288 2661 1383 2729 ordi-

274 2802 353 2846 nem
383 2779 509 2846 admisi.
567 2779 669 2860 Quod
701 2779 762 2846 ubi
789 2777 977 2846 faciendum
1001 2781 1137 2870 putavi,
1163 2793 1256 2847 vetus
1281 2781 1382 2850 lectio

273 2899 385 2987 prima
402 2899 562 2966 Wolfiani
582 2901 728 2966 nominis
742 2901 853 2967 littera
869 2899 1041 2989 diligenter
1057 2901 1199 2972 indicata
1212 2910 1272 2968 est.
1316 2901 1383 2967 Ce-

275 3027 386 3082 terum
408 3018 569 3107 quidquid
595 3019 800 3108 marginibus
822 3019 973 3086 editionis
993 3021 1158 3088 Parisinae
1176 3020 1383 3110 adscriptum

273 3135 413 3224 legitur,
443 3139 535 3226 quod
561 3162 633 3206 rem
665 3139 810 3206 criticam
838 3163 908 3206 non
932 3139 1088 3227 attingat,
1111 3137 1144 3204 id
1163 3162 1266 3228 genus
1286 3151 1385 3207 nota-

276 3278 356 3322 rum
382 3279 484 3324 omne
509 3259 786 3326 Annotationibus
820 3259 900 3348 ipsis
921 3258 1086 3343 inseram,
1118 3282 1203 3348 quae
1229 3273 1384 3330 extremo

274 3377 368 3466 operi
384 3375 636 3464 subiungeutur.

359 3494 547 3564 Scribebam
560 3497 710 3579 Bonnae,
731 3519 846 3564 mense
857 3497 1010 3586 Augusto
1025 3521 1053 3568 a.
1069 3506 1161 3574 1828.

683 3809 969 3831 m
