3034 4856
273 298 350 372 416
430 291 432 297 ’
576 305 809 376 NICEPHORI
829 305 1068 374 GREGORAE

155 490 182 541 t.
199 490 233 540 Μ.
275 480 392 562 γηραιῷ
406 477 530 554 βασιλεῖ’
541 467 751 557 παρασχόντες
768 470 886 554 άβατον
900 470 985 560 αὐτῷ
1002 471 1041 554 δὴ
1055 477 1099 559 τῷ
1114 469 1172 560 νίῳ
1184 477 1241 538 'ccii
1260 478 1383 540 λοιποῦ

151 559 221 678 Ἧι
274 578 332 660 τὴν
347 579 394 641 ini
409 577 443 640 τό
454 573 622 654 Βυζάντιον
638 572 864 658 καταστήσωσι,
882 574 1047 640 κάνταῦθα
1062 577 1130 661 περὶ
1145 575 1182 641 τό
1200 582 1255 660 τῆς
1271 601 1383 642 σπου-

104 679 125 770 Ἰ
154 697 225 750 68³6
278 683 333 762 δ-ιῙς
349 676 470 763 ἁπάσης
485 679 688 762 συμπίρασμα
707 677 743 744 τδ
757 674 877 764 σκάφας
891 677 975 766 αὐτῷ
990 684 1046 762 τῆς
1059 673 1154 761 τάχης
1167 677 1377 764 ἀνατραπείη,

105 768 378 887 Ἥὲξῗθπάσας
400 783 456 857 τὰς
476 789 537 848 τῶν
552 779 678 866 δρόμων
692 783 809 847 ἐκείνων
830 783 954 856 ἐλπίδας
973 778 1182 868 ὑποβρυχίους
1194 779 1377 866 πεποιηκός.

244 871 360 969 'Bibule
380 888 482 950 τοίνυν
499 895 579 971 τρεῖς
600 887 631 948 ἓν
650 883 754 973 ταύτῷ
775 880 933 960 κινδύνους
950 881 969 968 ἡ
990 886 1183 970 ταλαίπωρος
1207 883 1287 968 αὕτη
1314 891 1406 966 με-5

270 987 435 1076 γαλότιολις
455 988 646 1072 θεασαμένη
663 985 750 1067 τότε,
794 986 846 1063 οὓς
866 986 946 1052 κατά
967 989 1061 1072 με’ρας
1082 987 1216 1064 λε’ξοντες
1243 987 1377 1071 ἥκομεν.

272 1089 353 1180 (ς’.)
380 1095 465 1174 Νῆις
486 1093 601 1176 μακραὶ
626 1088 852 1177 τετταράκοντα
877 1090 962 1172 παρὰ
986 1095 1152 1154 Βενετικιῠν
1174 1087 1380 1156 ὃπλισθεῖσατ

274 1194 484 1278 λαμπρῶςτδν
497 1193 625 1258 ἔκπλουν
636 1195 714 1258 κατά
724 1201 786 1258 τῶν
800 1196 831 1258 ἓν
840 1205 905 1269 τοῖς
913 1198 941 1257 Γ
941 1190 1056 1258 αλάτου
1067 1197 1096 1256 Γ
1094 1200 1254 1258 εννουϊτῶν
1263 1191 1379 1277 ε’ποιῆ-

273 1323 387 1376 σαντο,
414 1298 457 1380 μὴ
480 1297 675 1379 βουλομένων
699 1297 778 1378 μεθ’
798 1294 925 1380 ἡσυχίας
946 1287 1125 1361 άποδιδόναι
1148 1295 1188 1360 τά
1207 1293 1375 1380 χρήματα,

276 1399 334 1466 ὅσα
359 1400 444 1486 παρὰ
466 1401 611 1485 φορτίδος
633 1400 707 1476 νειδς
730 1399 832 1464 αὐτῶν
856 1403 995 1484 πειραταὶ
1019 1404 1049 1463 Γ
1046 1386 1192 1464 εννουῗται
1206 1401 1273 1483 περὶ
1286 1401 1375 1480 μέσα
1388 1405 1425 1458 10
1491 1472 1495 1483 Ι

248 1515 337 1569 οιτον
352 1504 390 1568 τά
406 1501 518 1587 πελάγη
533 1501 679 1586 τῆςκάτιο
694 1501 858 1585 θαλάσσης
869 1505 977 1586 βιαίως
991 1502 1161 1588 άφειλοντο.
1189 1505 1239 1566 καὶ
1254 1503 1379 1567 ἐλθοῦ-

273 1632 327 1671 σαι
346 1605 377 1671 αλ
392 1607 448 1688 μίν
465 1603 521 1672 tin
535 1609 584 1670 καὶ
605 1603 769 1692 τριάκοντα
784 1605 966 1670 ἐσέπλεασάν
981 1631 1013 1671 τε
1027 1608 1058 1680 ἐς
1072 1605 1108 1671 τό
1121 1603 1181 1690 πρὸ
1197 1607 1375 1683 Βυζαντίου

272 1710 378 1794 Κίρας
396 1712 446 1774 καὶ
467 1707 598 1791 ἔστησαν
618 1705 730 1785 ἑαυτὰς
750 1709 932 1793 μετωπηδὸν
955 1712 986 1783 ἐς
1002 1710 1178 1792 ἐπαγγελίαν
1192 1711 1377 1794 πολιορκίας

272 1817 335 1876 τῶν
347 1813 379 1875 ἓν
394 1821 458 1886 τοῖς
473 1809 617 1877 Γαλάτου
631 1817 661 1877 Γ
659 1819 864 1892 εννουΐτικῶν,
890 1815 917 1878 εἶ
930 1808 1131 1893 άναβάλοιντο
1146 1810 1203 1893 τὴν
1216 1815 1277 1875 τῶν
1288 1836 1375 1894 χρη-

272 1907 380 1997 μάτων
402 1911 566 1978 ἀπόδοσιν·
595 1913 627 1978 αἱ
647 1915 678 1978 δ’
704 1915 783 1980 δκτοδ
806 1913 1040 2001 παρεφύλαττον
1066 1913 1205 1980 άνιοῦσαι
1230 1913 1284 1978 τδν
1304 1916 1371 2000 πρὸ
1386 1923 1423 1977 ῐ5

272 2024 329 2082 τοῦ
341 2013 436 2102 Ἱεροῦ
451 2016 612 2099 πορθμόν,
642 2017 677 2080 ὃν
694 2019 732 2100 δὴ
748 2025 803 2082 τοῦ
819 2017 945 2084 Πόντου
966 2023 1110 2082 καλοῦσιν
1132 2017 1253 2099 αὐχένα.
1289 2015 1375 2083 ἔνθα

273 2117 463 2204 στραγγάλας
477 2119 625 2204 τέτταρας
638 2127 713 2194 ναῦς
725 2116 884 2205 εὑρηκότες
899 2121 975 2207 πρὸς
984 2121 1112 2185 ἔκπλουν
1124 2117 1265 2202 ἑτοίμους
1278 2118 1376 2206 ἐκρά-

244 2221 375 2308 Βτησάν
399 2249 431 2288 τε
455 2220 652 2303 καδδύναμιν
674 2221 782 2299 αὐτοῖς
803 2225 984 2306 ἐνεβίβασαν
1006 2215 1151 2288 καὶκατὰ
1174 2230 1237 2288 τῶν
1257 2224 1291 2286 ἐκ
1311 2229 1374 2290 τοῦ

156 2335 191 2394 V.
202 2337 256 2394 207
269 2317 399 2394 ’Πόντου
415 2327 630 2411 καταγομίνων
646 2331 675 2390 Γ
673 2333 861 2392 εννουϊτικῶν
879 2323 1017 2393 ὁλκάδων
1030 2329 1080 2390 καλ
1093 2323 1208 2402 ταύτας
1222 2323 1374 2392 ὁπλίσαν-

270 2455 321 2506 τες
335 2431 476 2513 ἔστησαν.
505 2423 542 2513 ἦν
554 2421 609 2494 aria
622 2425 744 2516 ἡμερῶν
753 2429 866 2515 ὀλίγων·
875 2433 949 2494 ι’δεῖν
961 2427 1115 2506 τοσαάτας
1124 2426 1257 2506 ὁλκάδας
1271 2425 1370 2496 δλοό-
1379 2452 1421 2507 20

270 2557 330 2609 σας
347 2531 519 2616 Ῥωμαϊκὰς
541 2528 619 2614 δμοῦ
642 2537 692 2596 καί
715 2518 906 2612 Λατινίκδς,
941 2530 983 2608 ὡς
1005 2538 1227 2618 πεπληρῶσθαι
1250 2530 1373 2600 τούτων

270 2633 372 2702 πάντα
385 2641 496 2720 μικροῦ
512 2635 566 2700 τόν
581 2633 736 2720 πορθμόν.
771 2633 931 2719 ἡλίσκοντο
948 2634 1006 2723 γάρ
1020 2661 1125 2722 σφισιν
1137 2633 1215 2717 iperi
1228 2639 1278 2700 καὶ
1291 2631 1372 2701 Ῥω-

270 2742 370 2824 μαίων
387 2737 521 2819 ὁλκάδες,
541 2739 585 2822 μὴ
600 2736 722 2804 λάθωσι
737 2739 781 2803 δι’
800 2739 901 2804 αὐτῶν
917 2739 1141 2827 παραρρυέντες
1154 2741 1204 2802 καί
1218 2741 1373 2806 Λατίνων

238 2845 386 2926 Εσυχνοί.
432 2845 481 2906 καὶ
504 2843 677 2923 συνέβαινεν
707 2840 790 2908 οὕτω
812 2849 867 2926 τῆς
890 2845 1093 2925 σιτοπομπίας
1116 2841 1373 2926 άντοκλεισθείσης

270 2944 359 3028 λιμδν
375 2955 439 3020 τοῖς
455 2947 633 3023 Βυζαντίοις
647 2946 816 3030 ἐγγίνεσθαι
833 2945 868 3010 οὗ
882 2942 1001 3033 μικρόν.
1037 2942 1174 3032 διήρκεσε
1189 2944 1248 3032 γάρ
1261 2944 1296 3010 τό
1310 2952 1415 3030 tricas

340 3057 382 3114 19.
405 3056 579 3111 Γεννυυϊταῖν
596 3059 638 3108 W.

271 3141 395 3211 deinceps
408 3142 503 3196 aditurn
511 3142 628 3212 Byzantii
641 3142 810 3206 intercludat3
826 3148 857 3195 ut
869 3159 925 3196 cuna
941 3142 1049 3196 oninium
1061 3149 1178 3196 rotarum
1195 3141 1270 3194 finena
1286 3157 1371 3210 paene

270 3211 321 3266 iarn
337 3213 446 3282 adeptus
459 3211 550 3275 fuerit,
567 3213 728 3280 naufragium
741 3213 834 3273 iaciat,
852 3230 883 3264 ac
895 3219 952 3282 post
966 3219 1006 3264 tot
1020 3213 1116 3264 deruunt
1135 3228 1225 3264 cursus
1238 3229 1297 3281 epea
1308 3228 1371 3263 auae

269 3297 355 3334 nurnea
376 3281 415 3334 ita
437 3282 580 3334 aubnuereaa
601 3281 714 3334 abiiciat.
749 3281 851 3335 Accidit
870 3281 974 3350 itaque,
998 3291 1027 3333 ut
1048 3281 1138 3332 infelix
1154 3282 1253 3333 isthaec
1269 3279 1369 3332 urbium

268 3351 390 3422 princepe
415 3349 467 3402 tria
496 3351 569 3403 eirnul
591 3350 705 3421 pericula
733 3349 910 3420 experiretur,
940 3367 1005 3418 quae
1030 3349 1178 3419 singulatim
1204 3365 1369 3418 exponerent.

268 3420 345 3488 (Vl.)
364 3419 543 3487 Quadraginta
563 3421 653 3486 longua
676 3437 783 3472 narcaa
802 3419 906 3471 Venetia
923 3417 1057 3488 splendide
1075 3427 1187 3471 armatae
1208 3424 1297 3470 contra
1310 3417 1371 3470 Ge·

268 3503 393 3550 arienses,
412 3487 456 3557 qui
476 3488 588 3540 Galatae
607 3488 770 3552 babitabant,
797 3488 888 3540 rniaaae
907 3495 982 3550 sunt;
1008 3496 1145 3556 propterca
1164 3487 1230 3556 quod
1249 3487 1269 3538 ii
1289 3503 1372 3556 pecu-

268 3557 352 3620 niam,
370 3573 444 3626 quarn
459 3557 610 3610 Genuensea
627 3557 727 3626 piratae
740 3557 766 3608 in
788 3557 869 3610 medio
887 3557 970 3609 iniere
989 3557 1051 3609 mari
1073 3557 1106 3608 ab
1124 3555 1242 3608 oneraria
1255 3556 1371 3608 Veneta-

268 3641 326 3680 τινα
343 3641 409 3676 nare
422 3626 527 3694 pervim
541 3626 717 3690 abstulissent,
731 3626 796 3678 bona
812 3626 896 3694 gratia
910 3627 1048 3678 restituere
1059 3626 1218 3678 recusabant.
1250 3623 1370 3678 Aeduae

268 3695 373 3815 puidam
388 3701 416 3745 et
430 3693 536 3763 triginta
549 3695 576 3746 in
589 3693 669 3746 sinum
686 3695 831 3748 Ceratinuru
852 3695 896 3764 qui
910 3694 1035 3764 Byzantio
1053 3694 1233 3764 praetenditur
1251 3693 1370 3746 invectae

282 3772 369 3814 rantes
382 3763 558 3826 obverterunt,
577 3763 758 3816 Gerrueasibua
770 3763 903 3817 Galataeia
915 3763 1070 3816 obsidionem
1086 3763 1241 3826 minitantes,
1255 3764 1276 3814 ai
1290 3779 1371 3830 pecu-

268 3831 329 3884 niae
339 3831 525 3885 restitutionem
536 3832 679 3885 differrent.
699 3833 767 3886 Octo
777 3833 890 3902 reliquae
905 3849 1056 3902 progressae
1069 3831 1284 3893 ulterineiretnrn‚
1300 3829 1370 3899 quud

268 3907 375 3954 estante
386 3900 501 3965 Hierurn,
513 3903 700 3966 cuatopdiebant,
713 3902 781 3971 quod
789 3901 863 3954 Ponti
874 3902 962 3954 cuilurn
974 3901 1112 3970 appeliant.
1133 3900 1186 3952 Ubi
1199 3909 1308 3968 quatuor
1321 3917 1371 3952 ιο-

268 3969 364 4024 tundae
373 3985 451 4021 naves
466 3967 498 4022 ad
515 3969 659 4022 soluendum
673 3979 775 4040 paratae
789 3983 880 4022 nactae
894 3981 1026 4038 ceperunt,
1042 3987 1136 4038 eaeque
1149 3967 1231 4038 copiie
1244 3967 1371 4037 inponat·

268 4044 359 4093 contra
367 4037 520 4092 Genueneea
532 4039 672 4103 onerariae,
683 4057 750 4108 quac
763 4039 864 4092 ePcuto
873 4039 1028 4102 remeabant,
1039 4047 1175 4092 armarunt.
1193 4039 1263 4090 intra
1272 4053 1370 4107 pauco·

268 4107 351 4178 igitur
364 4107 420 4160 dies
433 4109 606 4160 totRornanaa
620 4117 647 4160 ct
656 4109 761 4162 Latinae
773 4109 903 4160 cinerariaa
919 4115 1008 4174 captae
1023 4107 1134 4170 videres,
1151 4113 1180 4158 ut
1193 4113 1272 4160 toturn
1288 4123 1371 4175 paena

268 4177 362 4230 ireturn
376 4177 408 4229 iia
420 4177 595 4246 compleretur.
631 4179 776 4246 capiebant
788 4177 852 4229 errirn
865 4194 914 4229 una
927 4177 1002 4229 etiam
1009 4177 1134 4229 Romanas
1147 4193 1236 4240 naver,
1252 4193 1284 4228 ne
1295 4175 1369 4228 rnuiti

269 4243 445 4299 Genuenuium
459 4248 484 4298 in
498 4265 541 4300 eea
556 4246 654 4316 recepti
677 4247 818 4300 clanculum
834 4245 981 4300 evaderent.
1016 4246 1057 4300 lta
1075 4245 1184 4310 sactum,
1206 4253 1236 4298 ut
1256 4245 1371 4296 framen-

212 4345 218 4368 τ
268 4315 367 4369 tatione
379 4315 520 4372 interclausa
531 4316 757 4388 iameaByzautioa
771 4333 822 4372 nou
833 4333 915 4388 parva
927 4319 1042 4371 vexaret.
1076 4316 1144 4371 Nan
1158 4331 1189 4369 ea
1200 4311 1298 4367 obaidio
1311 4312 1369 4366 dier
