3038 4864
340 339 577 412 Monetium
599 337 839 410 aasentias
860 339 1035 412 nuceta
1175 351 1241 406 xcv

222 498 435 562 Recentierum
455 497 643 577 testimonia,
670 506 777 580 utpote
795 499 969 580 pervulgata
990 509 1021 562 et
1041 496 1168 562 cuilibet
1188 499 1242 562 ob-

126 587 204 664 via,
226 585 350 646 omnino
363 585 449 666 potui
463 585 616 660 omittere,
641 595 672 644 et
683 587 810 648 fortene
826 585 926 648 debui.
969 586 1028 648 Sed
1048 606 1087 648 ne
1099 584 1190 646 buius
1205 607 1242 650 ac

127 671 302 754 superioris
314 671 424 732 saeculi
439 669 609 732 bominibus
624 669 714 732 fidam
729 669 884 750 abrogasse
901 691 1060 754 conumque
1074 670 1242 732 auctorita·

127 767 199 818 tem
218 756 434 838 contempsisse
449 756 570 834 videar,
589 777 644 820 sex
666 765 719 818 aut
736 766 849 839 septem
862 756 924 818 huc
938 758 1119 839 producam
1141 767 1242 820 meta-

127 865 188 904 τοι
205 842 339 904 indicare
350 841 423 902 satis
439 841 538 904 fuerit

313 943 338 1004 I.
353 945 501 1024 Lipsius,
524 945 597 1008 Noc.
612 939 658 1002 ad
665 943 735 1004 Lib.
750 941 780 1008 I.
797 945 922 1008 Pelius.
938 944 1013 1024 Cap.
1028 963 1079 1006 ιτ.

224 1028 412 1110 Nicephorus
436 1029 580 1108 Greqoms
600 1028 756 1090 historiam
780 1030 911 1090 stillum
929 1027 1109 1110 narrationis
1123 1026 1243 1090 Nicetae

131 1113 297 1174 Choniatis
310 1115 445 1194 excepit,
468 1125 499 1175 at
518 1135 580 1176 non
601 1115 730 1176 laudem.
773 1115 899 1196 Scripsit
918 1115 998 1176 enim
1015 1115 1051 1174 ab
1064 1114 1138 1174 urbe
1155 1123 1243 1194 capta

128 1220 186 1260 res
202 1199 240 1258 ad
256 1198 422 1262 Andronici
437 1200 602 1279 Palaeologi
618 1201 793 1280 posterioris
810 1211 953 1279 mortem,
980 1201 1033 1260 sed
1053 1217 1243 1278 nequaquam

129 1283 205 1366 pari
226 1285 418 1364 castigatione
433 1295 483 1346 aut
497 1287 654 1362 industria,
676 1296 706 1346 et
715 1286 791 1346 vitia
804 1287 890 1366 plura
901 1287 997 1346 traxit
1008 1284 1056 1346 sui
1070 1284 1145 1346 aevi.
1188 1285 1244 1342 Su.

130 1369 265 1451 perfluit
281 1379 334 1430 aut
347 1381 501 1448 evagatur,
527 1381 556 1430 et
571 1392 620 1432 res
635 1373 843 1450 orationesque
858 1372 993 1452 proprias
1014 1370 1133 1447 miscet,
1155 1368 1243 1428 inde-

131 1475 225 1528 core,
245 1455 306 1514 imo
319 1455 429 1536 inepte.
471 1457 586 1516 Iudicia
601 1467 699 1516 tamen
712 1457 774 1516 eius
788 1457 900 1532 crebra,
917 1468 947 1516 et
960 1457 1137 1538 plerumque
1150 1463 1242 1514 recta.

132 1542 267 1600 Caussas
287 1552 448 1602 eventuum
462 1541 580 1604 curiose
594 1542 725 1621 positae:
746 1543 841 1622 pietas
856 1541 1017 1617 inculcata,
1039 1552 1069 1602 et
1080 1541 1173 1602 multa
1187 1561 1245 1620 op-

131 1636 272 1708 portune
285 1627 324 1686 ad
335 1627 464 1707 primam
478 1627 561 1688 illam
575 1647 703 1704 musam,
718 1628 738 1689 i.
753 1648 777 1692 e.
795 1629 900 1704 Deum,
916 1629 1053 1707 relegata.
1080 1629 1157 1686 Saue
1169 1645 1244 1705 pro·

130 1712 304 1772 videntium
324 1721 354 1772 et
375 1715 470 1774 fatum
484 1733 546 1772 non
563 1713 640 1774 alius
655 1713 786 1793 scriptor
807 1715 933 1776 asseruit
948 1713 1050 1792 magis.
1091 1710 1244 1790 Legendus

134 1817 209 1856 cum
225 1796 287 1856 boc
302 1797 441 1876 nemine,
462 1809 528 1858 tum
545 1799 633 1858 etiam
646 1800 718 1874 illo,
739 1799 821 1879 quod
836 1800 978 1879 pleraque
993 1800 1055 1858 eius
1067 1795 1191 1856 historia
1207 1795 1244 1856 ab

134 1901 214 1942 aevo
228 1891 334 1942 nostro
349 1904 409 1942 non
422 1883 560 1943 dissidet:
582 1883 643 1944 imo
657 1885 725 1944 lites
741 1885 951 1964 dissensusque
962 1884 996 1944 in
1011 1884 1103 1944 sacris
1114 1881 1245 1963 reperies

132 1965 224 2027 haud
240 1967 399 2030 dissimiles
417 1968 582 2031 hodiernis.

137 2071 303 2130 Greteerue
327 2073 361 2129 in
383 2071 511 2133 Ioannis
527 2068 731 2131 Cantacuseni
743 2073 937 2146 Historiam,
959 2067 1029 2135 edit.
1044 2071 1124 2151 Reg.'
1131 2091 1164 2149 p.
1172 2071 1244 2136 932.

226 2171 412 2253 Nicepboms
432 2174 577 2252 Gregoras
604 2173 686 2234 omni
705 2173 873 2236 litterarum
891 2167 1060 2253 cognitione
1077 2194 1110 2232 ea
1132 2181 1245 2255 tempe-

135 2267 217 2318 state
231 2260 312 2339 apud
328 2259 457 2318 Graecos
469 2259 605 2320 illustris.

136 2360 226 2424 Idem
238 2361 310 2420 Lib.
336 2359 391 2425 III.
410 2361 663 2424 Observationum
682 2363 715 2421 in
736 2363 844 2443 Georg.
867 2359 1029 2422 Codinum.
1061 2361 1135 2442 Cap.
1151 2379 1243 2424 ΠΗ.

225 2462 415 2546 Nicephorus
435 2465 579 2543 Gregoras
594 2485 647 2524 sua
661 2465 694 2523 in
706 2463 831 2524 historia
844 2485 949 2546 parum
963 2463 1058 2525 amico
1073 2464 1172 2524 animo
1186 2463 1246 2524 fuit

134 2552 173 2611 in
191 2549 397 2610 Andronicum
413 2549 559 2610 iuniorem
573 2551 786 2630 Imperatorem
810 2559 839 2610 et
858 2551 890 2610 in
908 2551 1048 2612 loannem
1060 2553 1246 2610 Cantacuze-

135 2657 227 2712 num,
241 2657 378 2714 magnum
388 2636 605 2712 Domesticum3
628 2637 665 2696 de
679 2657 736 2715 qua
753 2635 901 2716 Gregorae
914 2637 1072 2716 iniquitate
1089 2645 1171 2696 extat
1184 2656 1245 2716 pu-

135 2723 220 2782 blica
235 2721 808 2801 querimoniaCantacuzenilib.1v.cap.
819 2743 906 2783 xxiv.
919 2732 1027 2783 etxxv.
1049 2721 1111 2782 Nec
1124 2721 1251 2798 mirum,

136 2807 213 2888 quia
230 2806 409 2886 sequebatur
423 2817 523 2887 partes
538 2805 703 2866 Andronici
720 2807 855 2884 senioris,
873 2807 924 2867 cui
938 2807 1160 2866 addictissimus
1172 2817 1244 2883 arat,

135 2902 249 2972 utpote
270 2893 409 2972 plurimis
430 2891 582 2952 beneficiis
607 2892 643 2951 ab
667 2891 721 2950 illo
746 2891 868 2951 affectus
893 2901 922 2952 et
946 2891 1059 2970 magnis
1079 2891 1245 2950 bonoribus

136 2977 320 3038 cumulatus.
364 2979 513 3052 Quocirca
533 2979 678 3037 calamum
696 2976 849 3036 continere
864 2997 925 3036 non
939 2977 1055 3057 potuit,
1083 2977 1244 3056 quominus

136 3063 302 3142 aliquando
311 3063 516 3124 Andronicum
524 3063 671 3123 iuniorem
688 3063 963 3122 etCsntacuaenum
976 3062 1157 3124 mordaciter
1171 3083 1245 3145 per·

137 3149 316 3228 stringeret,
339 3157 370 3210 et
384 3149 549 3210 calumnias
560 3150 593 3210 in
606 3147 725 3208 chartas
741 3147 916 3210 effunderet.

242 3253 423 3329 Fontanus,
447 3255 481 3312 in
494 3253 693 3330 Praefations
705 3252 865 3310 Historiae
881 3249 1150 3311 Cantacnsens'cae.

227 3336 338 3398 Verum
352 3339 419 3417 quia
432 3339 577 3416 Gregorio
589 3337 644 3398 iste
658 3357 725 3413 avo,
746 3337 778 3395 in
792 3337 877 3412 quius
891 3336 987 3394 aulam
1001 3335 1125 3394 desertis
1139 3335 1246 3396 studiis

136 3421 316 3483 liberalibus
335 3443 366 3483 se
387 3423 532 3500 contulit,
555 3423 695 3497 amicior,
717 3422 821 3504 nepoti
840 3431 938 3481 sutem
954 3420 1088 3500 iniquior
1108 3421 1183 3483 suita
1203 3422 1247 3482 il·

137 3509 266 3588 lumque
285 3509 448 3588 plurimum
464 3519 493 3569 et
509 3529 597 3590 saepe
611 3507 844 3569 commendavit:
869 3507 950 3566 bunc
965 3515 1082 3587 aperte,
1104 3525 1161 3566 nec
1180 3529 1247 3567 mo·

138 3593 209 3654 dice
221 3603 328 3654 etnon
341 3615 411 3654 raro
425 3594 613 3654 insimulavit
632 3615 667 3653 ac
686 3593 888 3674 vituperavit:
911 3592 950 3651 ad
970 3591 1045 3651 haee
1069 3613 1145 3670 quae
1166 3594 1247 3654 inter

137 3679 212 3738 illos
229 3679 402 3740 acciderunt
415 3689 531 3761 partem
545 3681 706 3740 maximam
719 3679 843 3738 minime
862 3687 1015 3759 comperta
1028 3677 1147 3738 babuit:
1170 3699 1246 3757 quae
1277 3731 1281 3738 .

138 3773 242 3824 autem
254 3766 416 3846 comperit,
439 3787 472 3826 ea
488 3767 625 3842 confuse,
648 3765 839 3846 imperfecte,
862 3763 1008 3844 quaedam
1025 3783 1146 3844 qnoque
1158 3765 1247 3824 aliter

137 3849 311 3930 aliquanto,
337 3851 413 3932 quid
425 3851 602 3931 aliquanto?
624 3851 720 3910 multo
740 3851 827 3910 aliter
845 3869 936 3930 qnam
951 3860 1115 3909 evenerunt
1135 3859 1165 3909 et
1177 3869 1247 3910 cum

137 3935 305 3996 mendaciis
321 3938 477 4018 exposuit:
500 3939 533 3997 in
547 3937 641 4018 ipsius
655 3956 775 4017 quoque
791 3933 990 3995 Cantacuzeni
1002 3933 1081 3994 bello
1099 3936 1247 4016 rebusque

138 4023 407 4082 commemorandis
422 4021 511 4104 (quas
524 4023 636 4104 scripta
649 4023 698 4082 vel
711 4022 901 4095 interierunt,
924 4020 973 4080 vel
987 4019 1085 4080 adhuc
1097 4022 1129 4080 in
1145 4022 1247 4099 aliqua

136 4105 327 4168 Bibliotheca
345 4107 461 4188 latent)
483 4127 592 4191 parum
609 4107 689 4168 bons
714 4107 774 4167 lide
794 4107 1000 4186 malevoleque
1028 4116 1164 4167 versatus
1187 4114 1245 4164 ests

139 4191 369 4254 Cantacuaenns
391 4193 465 4254 haec
486 4195 562 4255 vitia
585 4215 649 4254 non
673 4194 771 4255 ferens
794 4195 882 4272 longe
905 4189 1072 4268 sincerius,
1099 4193 1246 4270 longeque

138 4278 308 4360 copiosius,
331 4279 519 4358 distinctius,
541 4279 706 4358 integrius,
714 4279 843 4422 ,partius
868 4278 969 4340 omnia
987 4277 1168 4359 explicavit,
1189 4285 1245 4338 etc.

585 4363 669 4426 Idem
681 4365 727 4423 ib'
749 4386 804 4426 em-

224 4449 368 4512 Attamen
392 4449 460 4512 fieri
488 4457 606 4534 potest,
640 4459 678 4511 ut
700 4450 847 4529 Gregoras
868 4447 906 4510 de
926 4447 1059 4509 moribus
1079 4443 1247 4506 Andronici
