3034 4856
277 335 352 414 σοι
430 347 434 360 ·
573 337 809 411 mensuum
833 287 1072 407 eneconis

101 547 103 552 v
160 528 189 578 Α.
204 523 238 578 u
278 506 437 595 ἐκκλησίας
451 501 604 583 κλόδιονος
610 509 777 590 τηνικαῦτα
793 505 844 576 καί
859 509 922 571 τῶν
936 502 1024 590 πίριξ
1038 501 1139 568 ίθνῦν
1153 502 1205 568 καί
1221 501 1265 578 είς
1276 496 1382 586 γαλή-

164 596 234 714 Ἧι
278 643 335 701 νην
355 612 396 680 τὰ
411 608 513 678 πάντα
534 606 589 687 ξόν
601 633 633 694 γε
652 613 718 696 θεῷ
737 607 837 698 ῥᾷστα
847 607 1048 692 μεταβαλὼν,
1060 604 1170 702 ,ἔπειτ’
1196 605 1312 671 ἐκεῖθεν
1330 611 1384 694 τῷ

167 731 236 786 6836
280 723 390 805 μακρῷ
403 712 506 804 χρόνῳ
526 711 612 797 μάλα
626 737 675 776 τοι
688 713 833 794 πλείστην
848 721 955 796 πεῖραν
969 708 1148 792 ξυνειλοχῶς
1160 711 1211 774 καὶ
1225 711 1384 794 προσθείς

114 801 404 922 ΙΙἓξίί“(ί.’“ί““ίςιαυτιη”ι
424 823 479 883 νῦν
500 817 583 904 πρός
597 819 746 882 τοσοῦτον
765 821 900 880 κυκεῶνα
918 815 968 878 καὶ
983 811 1077 895 ζάλην
1089 807 1277 898 πραγμάτων
1292 811 1383 896 ἀμη-

173 885 256 938 um
281 928 383 1009 χανιῦ·
398 901 475 996 ’πῶς
497 917 535 984 ἀν
557 918 722 1002 δυνηθείην
737 923 781 1004 τῷ
797 913 908 1006 ἐγγόνιρ
925 921 1083 982 πιστεῦσαι
1103 910 1248 998 τοιαύτην
1265 913 1414 1000 ἀρχὴν,5

277 1027 336 1114 νίῳ
353 1049 386 1090 τε
410 1022 475 1088 ἀντι
499 1025 549 1087 καί
564 1017 718 1103 τοσαύτην
741 1019 878 1106 ἀπειρίαν
903 1019 1063 1098 ἀσκοῦντι,
1093 1015 1135 1093 ὡς
1149 1018 1228 1101 μηδὲ
1243 1017 1284 1082 τά
1300 1018 1381 1082 κατ’

252 1128 377 1196 nattis
403 1125 511 1191 είδίναι
535 1123 705 1190 διαθίσθαι
720 1128 837 1204 καλῶς,
866 1121 944 1186 ἀλλὰ
965 1121 1042 1196 νίοις
1063 1123 1124 1186 τισί
1145 1123 1195 1186 καί
1219 1117 1383 1203 ἀμαθέσιν

281 1225 459 1316 ἀνθρώποις
476 1221 602 1292 ε’κδόντα
615 1225 670 1310 τὴν
685 1223 795 1291 ἑαυτοῦ
805 1227 945 1301 ἐξουσίαν
959 1225 1010 1289 καί
1022 1221 1060 1290 ssi
1074 1223 1219 1306 βασιλικὰ
1231 1219 1382 1306 κτήματα

280 1331 375 1402 αῦτόν
389 1358 422 1397 τε
433 1333 464 1396 ἓν
480 1332 567 1421 πενίη
581 1327 692 1414 διόχειν
701 1331 751 1394 καί
764 1329 917 1412 μηδεμίαν
928 1327 1024 1412 ἀλλην
1038 1326 1113 1410 ἴχειν
1128 1329 1276 1416 φροντίδα
1294 1333 1382 1406 βου-

279 1433 418 1520 λόμενον,
435 1431 514 1517 πλὴν
526 1440 582 1498 τοῦ
597 1429 689 1509 κόνας
705 1434 755 1496 καί
765 1430 854 1518 όρνεα
868 1431 1004 1517 τρέφειν·
1031 1427 1125 1505 κόνας
1137 1432 1194 1513 μίν
1212 1427 1269 1512 σίιχ
1280 1419 1425 1513 ἦττονίο
1494 1439 1495 1448 ’

280 1537 301 1624 ἢ
317 1541 451 1622 χιλίους,
479 1535 569 1623 όρνεα
585 1537 619 1600 δὲ
633 1541 788 1600 τοσαῦτα·
816 1533 953 1610 καὶτοὺς
972 1531 1074 1599 αιἰτιῦν
1089 1529 1270 1617 ἐπιμελητὰς
1289 1533 1381 1618 ίηηῦς

279 1637 457 1715 τοσοῦτους.
486 1647 551 1716 πῶς
561 1631 614 1704 οῦν
628 1644 671 1726 τῷ
686 1633 815 1726 τοιοότῳ
828 1635 1052 1720 πιστεῦσαιμιῆ
1068 1635 1124 1720 τὴν
1139 1639 1272 1718 ἐμαυτοῦ
1280 1636 1376 1718 ζωὴν,

183 1819 187 1824 .
253 1741 303 1827 Οῆ
316 1743 372 1824 τὴν
388 1743 421 1805 ix
432 1746 510 1806 θεοῦ
525 1737 741 1806 πιστευθεΐσάν
754 1767 808 1824 μοι
824 1743 1011 1828 λειτουργίαν
1025 1745 1081 1824 τῆς
1096 1740 1271 1820 βασιλείαςς
1297 1737 1375 1802 ἀλλ’

281 1845 336 1911 οῦκ
359 1841 396 1908 ἀν
417 1841 491 1907 ποτ’
513 1839 603 1928 ἔγωγε
620 1841 775 1929 προδότης
795 1839 872 1908 inuis
894 1867 926 1930 ys
944 1841 1019 1908 είναι
1037 1844 1197 1927 γενοίμην,
1225 1838 1294 1906 οῦτε
1310 1846 1378 1906 τῶν

278 1941 422 2030 ἀνηκόων
429 1993 440 2026 ,
470 1942 538 2010 ob'r’
556 1948 700 2026 ἐμαυτοῦ.
728 1944 786 2030 ε’χο)
799 1946 857 2030 γὰρ
872 1944 925 2011 τὸν
938 1946 1011 2028 ίμὸν
1025 1943 1146 2030 ίηηάνον
1161 1943 1197 2010 οῦ
1211 1940 1306 2026 μόνον
1319 1946 1376 2008 καί
1387 1955 1422 2010 15

279 2053 399 2114 παίδων
411 2049 461 2112 καί
473 2044 766 2132 γυναικδςήχάαησα
782 2049 882 2128 πλέον,
904 2049 982 2112 ἀλλά
996 2049 1047 2112 καί
1063 2049 1198 2130 ἐμαυτοῦ
1207 2067 1216 2084 ⁰
1242 2049 1291 2112 καί
1307 2045 1376 2112 iore

278 2147 389 2228 πάντες
404 2149 493 2215 τουτί
500 2171 508 2186 ·
532 2151 582 2215 καί
598 2147 762 2236 ἀνέτρεφον
781 2149 812 2215 ἒν
829 2153 951 2240 παιδείρ
965 2153 1015 2214 καί
1030 2152 1193 2239 νουθεσίᾳ,
1220 2145 1376 2232 βουλόμε-

278 2280 331 2332 νος
350 2250 518 2340 κληροῦχόν
536 2279 569 2318 τε
590 2251 646 2337 τῆς
666 2255 741 2336 ἐμῆς
764 2252 901 2338 εὐλογίας
916 2256 966 2317 καί
985 2251 1128 2336 διάδοχον
1145 2259 1202 2337 τῆς
1216 2253 1377 2335 βασιλείας

252 2361 457 2424 Βκαταλιπεῒν
475 2357 525 2420 καί
548 2361 615 2442 θεῷ
638 2359 689 2420 καί
713 2353 891 2442 ἀνθρώποις
915 2355 1092 2442 ἀρίσκοντα.
1126 2352 1142 2422 ὃ
1169 2355 1275 2431 δὲτὰς
1294 2353 1376 2436 ipris

277 2447 442 2534 νουθεσίας
456 2457 533 2544 παρ’
550 2458 639 2523 οῦδὲν
654 2456 906 2542 θέαενοςιιαίμοις
918 2461 968 2523 καί
982 2459 1121 2535 ἀταξίαις
1135 2459 1417 2546 διενυκτέρευεν·20

279 2561 311 2626 ἓν
324 2557 369 2637 οἷς
384 2563 434 2625 καί
448 2561 502 2626 τόν
514 2559 609 2625 αὐτοῦ
624 2557 803 2648 πεφόνευκεν
820 2559 961 2648 ἀδελφόν.
989 2564 1040 2626 καί
1055 2563 1141 2636 τέλος
1155 2563 1301 2644 ἐπανέστη
1318 2562 1374 2626 καὶ

165 2672 200 2730 V·
215 2673 266 2730 201
281 2663 353 2730 κατ’
377 2665 451 2746 ἐμοῦ
467 2669 523 2728 τοῦ
538 2663 692 2750 εάερηίτου
710 2665 760 2727 καί
773 2663 905 2745 πατρὸς,
928 2669 1054 2750 πρᾶγμα
1072 2657 1277 2749 τετολμηκὼς,
1305 2657 1374 2729 οἷον

279 2769 310 2844 ἓξ
331 2769 442 2841 αἰῶνος
464 2765 582 2830 ctutum
609 2766 753 2830 τεθέαται
776 2764 870 2850 ἣλιος.
912 2767 961 2832 διὸ
978 2765 1039 2852 χρὴ
1060 2769 1110 2832 καί
1133 2763 1215 2850 ἀμᾶς
1237 2765 1383 2849 ζηλῶσαι

278 2869 357 2935 κατά
376 2874 433 2952 τῆς
455 2867 573 2942 ἀδικίας
594 2869 644 2934 καί
665 2869 865 2952 διαναστῆναι
888 2868 966 2955 πρὸς
982 2869 1133 2954 συστολὴν
1149 2877 1205 2954 τῆς
1217 2869 1370 2944 ἀναιδείας

1494 3125 1495 3166 ι

1494 3167 1495 3244 i

1494 3251 1495 3300 i

277 3030 392 3084 sionibus
405 3029 568 3084 fluctuantem
582 3031 723 3101 composui,
740 3034 768 3084 et
780 3030 917 3084 adiuvante
930 3031 986 3085 Deo
1000 3033 1162 3102 tranquillum
1175 3033 1294 3088 facillimo
1306 3029 1368 3085 reti-

277 3099 347 3164 didi,
368 3107 451 3151 temen
466 3100 554 3162 hodic,
573 3099 649 3168 longo
667 3106 782 3170 ternpore
798 3101 907 3152 maxima
922 3119 1005 3154 rerum
1022 3103 1180 3172 experientia
1200 3103 1322 3164 outecu,
1338 3101 1369 3155 in

275 3172 347 3222 tantu
361 3176 430 3222 motu
446 3172 473 3220 et
485 3177 637 3238 tempestate
653 3185 703 3238 quo
716 3187 756 3223 me
772 3177 870 3222 vertam
885 3171 983 3234 nescio,
1001 3189 1053 3241 quo
1070 3179 1147 3241 puoto
1167 3174 1255 3242 nepoti
1276 3185 1369 3240 quesn

274 3243 371 3292 tentum
383 3237 501 3290 mandere
515 3237 664 3306 Imperium,
684 3239 768 3308 quiet
781 3239 928 3291 adolescens
942 3247 997 3301 est,
1015 3247 1042 3292 et
1053 3257 1135 3293 rerum
1148 3241 1212 3292 sdeo
1224 3241 1369 3310 imperitos,

274 3311 306 3359 ut
317 3323 349 3358 ne
359 3323 419 3358 suas
429 3307 529 3374 quidem
541 3323 584 3358 res
598 3307 677 3376 probe
689 3307 867 3360 administrare
879 3307 967 3360 scisti
983 3310 1051 3362 Nam
1065 3309 1269 3362 adolescentibus
1284 3316 1311 3362 et
1326 3309 1369 3361 in-

275 3375 359 3428 doctis
372 3375 512 3428 hominibus
529 3383 656 3443 potestate
669 3393 716 3429 sua
726 3375 824 3428 tradito
842 3383 868 3427 et
876 3376 1051 3458 imperatoriis
1069 3379 1269 3446 possessionibus
1287 3377 1369 3430 dsue-

276 3443 312 3497 tis
324 3444 419 3513 ipsein
437 3451 554 3512 egestate
572 3445 652 3496 visits
670 3463 717 3497 nec
737 3445 870 3514 quicquam
887 3444 956 3496 uliud
975 3461 1066 3498 curere
1084 3447 1154 3510 ruit,
1172 3447 1223 3498 nisi
1241 3455 1270 3498 ut
1289 3463 1368 3500 osnes

273 3517 302 3565 et
316 3529 379 3566 aues
397 3512 464 3576 nist,
488 3529 564 3566 cenes
576 3529 626 3565 non
647 3513 781 3582 pauciores
799 3529 874 3583 quum
888 3513 969 3577 rniiie;
987 3531 1049 3567 uses
1071 3513 1195 3578 totidem
1212 3521 1240 3568 et
1259 3515 1367 3569 totidem

273 3596 355 3649 propa
371 3598 457 3634 eorum
476 3591 614 3634 curatores.
650 3581 684 3632 ui
706 3583 804 3650 igitur,
829 3583 872 3650 qui
889 3583 948 3635 tulis
967 3584 1017 3646 sit,
1040 3599 1092 3652 quo
1109 3583 1207 3636 ratione
1225 3585 1266 3636 vei
1286 3585 1365 3638 ritu
1457 3581 1463 3604 ¹

272 3663 368 3712 meum,
385 3651 425 3702 rel
438 3650 559 3702 divinitus
572 3649 633 3702 mihi
646 3650 787 3702 mandatum
800 3651 903 3719 Imperii
919 3651 1160 3704 administrationem
1173 3653 1296 3706 credam?
1315 3655 1366 3704 Ve-
1494 3659 1495 3670 ¹

276 3733 331 3770 rum
342 3735 391 3785 ego
402 3734 528 3786 nunquam
541 3727 611 3770 certe
624 3717 686 3769 iliud
699 3720 860 3783 committam,
873 3729 902 3772 ut
912 3719 955 3772 vel
967 3720 1082 3773 subditos
1095 3737 1164 3774 meos
1177 3721 1218 3774 rei
1231 3739 1271 3772 me
1284 3721 1366 3790 ipsum

276 3794 368 3854 sponte
379 3781 496 3854 prodant
520 3787 587 3838 Nam
597 3792 715 3855 nepotem
728 3789 828 3856 quidem
841 3789 898 3870 pius
911 3805 960 3840 non
972 3789 1046 3841 modo
1060 3806 1140 3842 uxore
1152 3798 1180 3842 et
1192 3789 1280 3842 liberis
1292 3789 1365 3852 meis,

271 3853 323 3905 cesi
340 3852 511 3923 etiam‘rnsgis
524 3872 599 3923 quam
611 3873 652 3907 me
671 3857 755 3924 ipsum
773 3857 858 3908 dilen.
892 3857 929 3909 Et
947 3875 994 3909 vos
1011 3875 1097 3911 omnes
1115 3859 1204 3920 scitis,
1223 3877 1272 3928 quo
1290 3865 1366 3926 pacto

271 3937 329 3974 eum
340 3921 483 3986 educerim,
501 3923 662 3988 instituerim,
680 3926 831 3989 monuerim,
848 3925 999 3992 prudentiae
1013 3944 1085 3980 meae
1097 3925 1232 3980 haeredem
1245 3933 1273 3979 et
1282 3925 1366 3996 impe-

270 3989 304 4044 rii
325 4007 512 4054 successorem,
541 3993 586 4062 qui
604 4001 632 4046 et
647 3993 704 4048 Deo
723 4001 751 4046 et
769 3993 909 4046 bominibus
926 3994 1053 4063 placeret,
1076 3995 1221 4048 relicturus.
1254 3996 1291 4047 At
1310 3995 1366 4054 itte,

269 4059 364 4130 spretis
377 4058 477 4113 monitis
494 4061 573 4126 meis,
594 4070 663 4115 totas
682 4072 769 4116 noctes
786 4063 814 4115 in
829 4064 1054 4118 comessationibus
1073 4071 1101 4116 et
1117 4063 1241 4116 dissoluta
1259 4063 1365 4116 licentia

262 4123 372 4198 ’ωιιίςὶλς
384 4129 515 4200 inquibus
527 4133 603 4185 etium
615 4133 718 4186 fratrem
728 4148 799 4184 snum
813 4131 917 4185 occidit.
946 4133 1063 4202 Denique
1077 4140 1104 4185 et
1117 4141 1207 4188 contre
1219 4149 1259 4186 ms
1270 4131 1363 4200 ipsun,

269 4197 314 4266 qui
327 4203 354 4252 et
365 4199 430 4252 bene
443 4199 476 4254 dc
492 4217 522 4252 eo
542 4201 623 4254 merui
644 4209 670 4254 et
684 4217 776 4270 parens
796 4201 878 4273 ipsius
892 4219 960 4262 sum,
978 4201 1132 4264 insurrexit,
1150 4202 1252 4256 facinus
1276 4217 1363 4264 susus,

192 4267 203 4288 ⁸
288 4267 346 4319 usle
358 4269 390 4320 ab
404 4269 469 4320 omni
485 4287 549 4322 soso
564 4271 657 4322 nulium
676 4269 713 4320 soi
726 4269 797 4322 vidit.
833 4271 1004 4334 Quamobrem
1021 4277 1048 4324 et
1068 4287 1115 4323 uos
1136 4277 1239 4340 oportet
1257 4269 1301 4340 pis
1321 4269 1363 4322 in-

238 4360 240 4381 ι
285 4335 414 4403 ignatinus
426 4335 529 4392 iucimri
541 4345 630 4392 contu
642 4336 811 4408 iniquitatem,
828 4348 856 4394 et
869 4341 903 4394 mi
916 4339 991 4394 buius
1002 4339 1184 4409 impudentiam
1195 4339 1361 4395 mercentur
