2998 4872
272 335 345 410 rm
462 305 730 397 'arcaruosr
754 325 993 396 orsaorsa
1014 326 1138 396 vrrs

272 505 353 566 rem,
373 495 401 545 et
415 487 496 547 alios
510 475 632 567 quidem
652 487 786 547 vineales
803 489 944 563 coerceri,
965 486 1046 546 alios
1058 472 1198 564 esrdare3
1218 487 1300 546 alios
1318 484 1377 548 de-

273 575 365 652 nique
375 575 464 650 same
485 573 621 632 violatia
638 585 668 632 et
686 573 835 632 bonoram
854 571 1043 652 ademptione
1057 571 1147 652 ade'gi
1165 570 1212 630 ad
1220 575 1374 653 gerutfle·

273 657 415 717 cteadam
427 679 531 717 coram
543 657 625 718 idolo
640 660 744 734 Baci3
765 660 852 718 salus
866 670 970 717 autera
990 658 1080 716 nulla
1096 669 1263 738 appareret.
1305 661 1374 718 His

273 755 342 803 tran
357 744 592 825 cogitationibus
603 746 715 823 plenus
725 745 935 824 illacrymavi,
957 755 985 802 et
999 745 1106 802 multis
1112 744 1254 823 precibus
1267 746 1374 804 Deusta

273 833 372 891 oravi.
415 827 535 889 Deinde
556 851 625 890 erem
645 828 835 908 resedissem,
857 842 886 888 et
907 832 1005 909 capiti
1029 827 1167 888 dextram
1186 833 1374 909 supposuer-
1493 851 1494 882 l

272 936 336 976 sem
341 959 352 990 ,
375 915 436 974 levi
448 933 552 974 somno
565 927 719 996 correptros
736 937 805 996 suro
810 939 821 991 ,·
844 917 974 974 aemilii
990 918 1025 974 ira
1038 917 1152 974 mmnrs
1162 935 1283 974 amicus
1297 918 1374 995 qai·

273 999 349 1059 dam
366 1003 452 1060 visus
474 1013 592 1078 astare,
616 1013 646 1060 et
668 1021 731 1060 ove·
743 1000 854 1076 dicere,
877 1013 969 1082 atque
988 1011 1023 1059 ut
1036 1022 1073 1059 rte
1087 1003 1228 1059 animum
1241 999 1372 1080 despon-

273 1083 372 1144 derent
384 1087 514 1146 hortari.
534 1090 660 1165 „Deum
670 1089 810 1168 quippe,”
825 1090 935 1167 inquit,
947 1089 1061 1164 „cuias
1081 1105 1177 1146 carcaa
1189 1086 1375 1146 traslatores

264 1173 392 1252 fhrtiter
404 1173 541 1252 toleras,
560 1176 805 1252 potentissimam
827 1171 919 1232 trabes
944 1171 1125 1231 adiutorem
1175 1170 1286 1250 Itaque
1315 1171 1375 1231 Isos

271 1277 359 1317 verae
378 1257 470 1316 etta
484 1270 706 1339 persecutores,
728 1279 790 1318 nort
804 1279 840 1316 ea
862 1259 962 1318 solam
984 1275 1064 1338 qaae
1083 1257 1170 1319 vota
1181 1257 1373 1333 'intulerunt

270 1341 327 1401 sed
351 1343 439 1423 longe
463 1347 615 1424 graviora
639 1347 727 1404 mala
748 1347 930 1425 perferentes
951 1343 1068 1406 videbas
1095 1363 1158 1402 noa
1173 1342 1265 1422 lango
1287 1354 1373 1420 poet.

270 1428 356 1486 Nam
373 1440 400 1486 et
415 1429 584 1508 Imperator
591 1429 793 1510 patriarchae
806 1441 833 1488 et
847 1433 1004 1510 episcopis,
1026 1440 1055 1488 et
1068 1431 1200 1507 episcopi
1218 1427 1280 1486 sibi
1291 1431 1374 1488 invi.

269 1531 333 1570 cem
360 1512 486 1574 audent
507 1517 628 1574 inimici
635 1539 646 1591 ,-
675 1519 797 1596 atriqae
820 1509 1018 1596 utrorumque
1040 1513 1322 1586 mathematismis,
1343 1523 1375 1570 et

270 1599 340 1654 eae's
355 1601 512 1678 propriis,
535 1601 656 1660 obnoxii
677 1602 863 1660 tenebuntur.
906 1605 974 1662 &aa
994 1597 1062 1660 sede
1077 1597 1300 1660 exturbabitur.
1306 1619 1374 1677 po-

270 1683 428 1741 triarchas
449 1687 483 1744 ia
499 1686 566 1744 eias
583 1687 686 1744 locam
704 1689 845 1745 mausus
859 1687 945 1746 alias
957 1683 1111 1746 succedet.-
1134 1696 1226 1766 atque
1238 1685 1291 1744 tric
1307 1687 1376 1764 ipse

271 1787 341 1827 mox
361 1770 491 1828 similem
502 1773 671 1848 fortuitam
688 1775 863 1852 experietur.
913 1773 1081 1852 breperator
1106 1791 1175 1832 vero
1201 1781 1231 1829 et
1249 1789 1375 1828 euastata
1494 1801 1495 1852 3

264 1865 418 1934 potestate
430 1855 560 1934 excidet,
590 1869 619 1916 et
643 1859 800 1937 afficietur
820 1860 919 1918 variis
943 1859 1130 1938 sgrtonainiis.
1172 1855 1375 1915 Anteautem
1494 1865 1495 1870 ’

270 1959 367 2018 quam
383 1941 460 2000 haec
468 1943 555 2021 siarrt
575 1944 743 2021 Potamos,
760 1954 868 2024 eaptra
884 1963 906 2002 a
923 1943 1081 2022 barbaris,
1104 1963 1164 2002 aon
1174 1939 1265 2000 rrtodo
1283 1961 1374 2000 acer-

272 2023 415 2103 bissima,
438 2025 494 2085 sed
512 2032 732 2108 etturpissirna
744 2049 899 2110 passarus
916 2040 969 2089 est.
1010 2029 1154 2109 Plerique
1161 2029 1233 2086 item
1257 2029 1375 2106 episco-

266 2129 392 2190 porum,
414 2113 566 2172 Romanis
574 2117 746 2194 proviaciis
758 2116 887 2175 violento
899 2125 996 2172 terrae
1011 2125 1095 2173 motu
1112 2115 1278 2189 concussis,
1301 2131 1374 2170 ctera

271 2197 351 2275 ipsis
362 2199 586 2278 episcopatzbus
606 2212 635 2258 et
659 2199 800 2260 domibus
820 2211 849 2259 et
862 2203 979 2258 civium
987 2200 1090 2279 plenis
1099 2199 1245 2274 urbibus,
1268 2197 1376 2255 obruti

270 2282 470 2360 sepelientur:
491 2305 583 2366 eaque
602 2285 668 2344 illis
690 2289 776 2345 iusta
795 2283 961 2345 sacerdotii
972 2285 1134 2366 adrogatio
1153 2283 1308 2346 divirritus
1321 2303 1376 2340 re-

266 2365 438 2446 pendetur,
460 2389 493 2427 eo
516 2369 601 2450 quod
614 2373 676 2450 ipsi
697 2375 846 2452 episeopis
871 2382 898 2430 et
907 2371 1105 2452 presbyteris,
1127 2371 1260 2450 aliisque
1273 2365 1377 2427 doctis

270 2463 300 2509 et
314 2457 391 2530 pari
407 2457 523 2533 pietate
541 2457 719 2537 insignibus
735 2461 829 2534 viris,
853 2461 909 2536 qui
925 2477 985 2537 pro
1004 2477 1077 2518 vera
1098 2455 1245 2534 religione
1261 2454 1377 2514 bonam

269 2545 420 2598 certamen
443 2551 631 2600 certaverant
637 2588 646 2618 ,
668 2563 745 2602 suas
759 2541 929 2623 dignitates
948 2536 1192 2623 abrogaverint.’'
1234 2539 1316 2600 Haeo
1336 2539 1376 2616 si,

269 2629 308 2682 ut
321 2623 402 2703 apud
416 2623 608 2686 Philotheurn
623 2637 745 2706 extant,
766 2629 811 2688 ita
828 2649 845 2686 s
861 2629 992 2707 Gregors
1013 2637 1171 2708 antequam
1191 2645 1240 2686 res
1252 2623 1377 2685 evenis-
1495 2637 1496 2706 j

270 2716 338 2768 sent
357 2709 557 2788 pronunciata
568 2721 639 2772 sunt
655 2709 702 2796 (id
717 2713 797 2793 quod
812 2711 928 2773 creditu
940 2712 1063 2774 difficile
1076 2713 1168 2774 immo
1181 2727 1306 2793 prorsas
1320 2711 1376 2769 in·-
1495 2713 1496 2762 ἒ

268 2791 411 2854 credibile
417 2794 485 2877 est),
499 2815 567 2856 eum
576 2807 697 2878 oportet
711 2797 857 2859 divinitus
866 2799 1000 2859 afflatum
1015 2799 1118 2858 sutura
1130 2796 1326 2878 praescivisse
1333 2793 1373 2880 ¹).
1495 2807 1496 2832 ³

273 2877 329 2938 Sin
342 2881 497 2942 erentrbus
513 2884 700 2963 posteriora,
721 2885 856 2966 perfecto
877 2885 937 2944 ism
951 2884 1034 2964 operi
1046 2883 1162 2966 abipso
1179 2891 1304 2942 auctore
1322 2901 1375 2940 as-

268 2972 337 3022 suta
351 2966 490 3044 hrenmt,
513 2987 581 3028 eum
594 2990 699 3030 rursus
719 2991 839 3030 necesse
854 2979 916 3047 est,
939 2989 1007 3029 cum
1020 2968 1095 3029 haec
1113 2968 1273 3042 scriberet,
1295 2965 1376 3025 sim-

267 3047 433 3128 pliciorum
454 3050 611 3114 hominum
632 3055 801 3115 credulitati
814 3055 944 3116 voluisse
958 3057 1095 3118 illudere.
1138 3055 1233 3132 Porro
1248 3051 1308 3112 hoc
1320 3051 1375 3110 vi-

269 3132 359 3194 detur
367 3136 404 3194 sb
412 3135 531 3218 ingenio
544 3141 712 3200 etmaribus
727 3141 789 3201 eius
805 3141 864 3200 viri
876 3141 1015 3202 alienum.
1042 3141 1145 3220 ltaque
1158 3139 1245 3200 istius
1256 3135 1376 3197 fraudis

269 3219 385 3280 ‘crimen
407 3222 441 3281 in
467 3224 624 3285 Palsmitss
654 3227 739 3287 reiici
760 3229 888 3287 fortasse
909 3225 1034 3306 aequius
1057 3225 1104 3288 sit.
1148 3224 1270 3284 Minime
1291 3231 1376 3282 certe

270 3305 426 3382 probabile
450 3319 495 3369 est
519 3310 550 3369 id
568 3313 728 3388 Gregorsm
750 3313 872 3388 iecisse,
896 3313 977 3390 quod
995 3312 1032 3369 ab
1054 3309 1122 3369 aliis
1136 3311 1248 3370 factum
1264 3327 1376 3387 repre-

269 3387 419 3452 henderit.
440 3393 644 3473 Reprehendit
656 3407 755 3456 sutem
772 3397 805 3456 in
817 3397 948 3456 Historia
962 3395 993 3472 ἓ)
1008 3396 1156 3456 isidorum
1170 3391 1376 3475 patriercham

269 3477 404 3554 propriis
424 3479 546 3538 somniis
572 3480 721 3540 intentum
745 3491 833 3562 atque
852 3501 890 3542 ex
904 3482 941 3541 iis
955 3483 1056 3542 futura
1071 3489 1278 3560 augurantem:
1302 3497 1375 3538 cae·

270 3567 406 3620 tarorum
415 3562 625 3626 Palamitarum
634 3566 762 3626 visiones
771 3578 934 3627 nocturnas
945 3567 1067 3628 Diabolo
1084 3576 1115 3626 et
1128 3565 1266 3646 crapulae
1279 3563 1376 3622 ascri·

268 3641 316 3702 bit
329 3643 373 3726 ⁸):
394 3649 505 3727 passim
521 3651 651 3732 denique
665 3653 838 3732 astrologos,
860 3652 1010 3729 hariolos,
1033 3661 1063 3712 et
1080 3673 1131 3712 eos
1147 3652 1200 3731 qui
1216 3649 1377 3711 divinandi

230 3772 233 3780 ,
269 3737 365 3790 artem
384 3734 548 3811 quamlibet
563 3737 776 3818 profiteantur,
798 3738 927 3818 exagitet
942 3759 977 3798 sc
992 3738 1110 3798 deridet
1121 3731 1163 3822 ⁴).

356 3817 424 3890 Quo
439 3827 574 3902 tempore
595 3833 624 3883 et
645 3823 699 3882 ubi
720 3834 750 3884 et
772 3845 829 3904 qus
851 3825 972 3884 tandem
985 3833 1079 3884 morte
1095 3823 1242 3900 Gregorss
1264 3839 1377 3898 supre-

270 3917 352 3959 mum
380 3903 459 3962 diem
485 3907 646 3988 clauserit,
677 3911 811 3969 nondum
830 3909 904 3970 milri
927 3920 1115 3990 compertius
1135 3915 1187 3966 est.
1237 3905 1376 3965 Historia

270 3985 390 4064 quidem
403 3989 469 4048 eius
478 3991 653 4072 Byzantina
670 3995 709 4054 sd
723 4013 834 4056 annum
849 3995 958 4056 Christi
972 3993 1278 4055 arremarensem
1295 4011 1379 4071 pro-

306 4137 337 4206 1)
361 4137 534 4224 Praedirrerst
552 4109 739 4227 ¹(tasrtsquzsrro
760 4163 838 4203 ,orrum
860 4165 893 4200 er
912 4117 968 4203 slus
982 4144 1074 4207 ¹liberis
1096 4145 1260 4216 moribrrumt
1285 4142 1381 4196 conie-

339 4210 547 4291 ctarspcshoet,
565 4215 803 4268 non'drvinatioue.
837 4215 906 4268 Vide
923 4213 992 4268 Hist.
1011 4213 1055 4267 lib.
1076 4230 1154 4266 xvrrr.
1178 4231 1202 4264 c.
1219 4212 1244 4266 4.
1263 4221 1328 4264 sect.
1347 4215 1379 4267 2.

339 4277 372 4412 ἓξ
391 4275 768 4410 Ιῐῗιῑέῒκυιίὶὴο.ιιινιι.ῐι.1ἒι.λι;ωι
786 4283 983 4410 &affixa
1008 4283 1256 4341 saltubus.
1282 4297 1307 4338 o.
1325 4280 1380 4336 ult.
