3096 4862
396 343 629 414 HISTORIAE
650 345 926 416 BYZANTIME
946 346 1001 422 Vl·
1029 353 1060 422 l·
1197 344 1271 418 177

183 508 264 576 κστά
278 513 335 578 τοῦ
348 505 466 576 Βίοοιου
482 509 539 596 τὴν
561 503 722 599 δπερόριον
745 511 866 578 δίαιταν
881 513 931 578 καλ
947 511 1112 601 ἀπαγωγὴν
1133 521 1195 584 τῶν
1217 519 1271 604 φί-
1311 527 1340 582 t
1357 531 1386 580 c.

182 618 245 680 λεον
263 614 314 678 καί
328 619 495 700 συγγενῶν,
523 612 602 680 ἀλλά
617 615 667 679 καλ
686 608 787 698 λόγοις
809 616 859 680 καλ
874 626 1008 704 γραφαῖς
1024 615 1133 698 ἔβαλλε
1147 613 1272 709 πόρρω·
1322 597 1391 718 133²

184 721 259 798 θεν,
287 724 355 792 ταῖς
369 717 481 783 ἐκείνου
494 725 630 804 γραφαῖς
643 717 695 782 καλ
708 726 772 793 τοῖς
791 713 922 804 δόγμασι
935 721 986 784 καί
1002 718 1176 800 ἀντιπάλοις
1190 749 1269 811 προ-
1323 735 1390 790 1328

183 813 326 902 βλήμασί
343 841 378 884 τε
403 821 455 886 καλ
479 815 629 905 δόγμασιν
650 819 981 906 ἀντισυλλογιζόμενος·
1008 823 1040 890 ίν
1063 822 1126 916 ὅσῳ
1147 851 1181 910 γε
1206 805 1436 927 pivhslfflfl·

159 921 287 1010 δίκείνρι
308 921 361 986 καλ
375 931 440 998 τοῖς
459 921 571 988 ἐκείνου
583 917 755 1008 μαχόμενος
776 914 866 1001 οὗτος
879 917 928 1009 ἦν,
944 920 1094 992 ίλάνθανε
1107 927 1275 1014 τιτρωσκό-
1406 910 1414 924 ⁰

183 1047 276 1108 μενος
288 1019 346 1088 ὕπ’
370 1022 472 1090 ἀλλων
491 1023 585 1102 οὗτός
601 1024 659 1092 κάν
674 1023 797 1102 τούτοις
810 1028 861 1092 καί
874 1025 969 1106 αάτάς
986 1023 1200 1114 ἁλισκόμενος,
1228 1029 1275 1110 οἷς

185 1124 288 1192 ἀλλων
300 1123 544 1210 ἐπελαμβάνετο·
569 1124 713 1216 καθάπερ
729 1128 763 1194 εί
772 1153 819 1204 τις
837 1125 968 1206 τοξεόιον
989 1131 1104 1219 ίχθρδν
1116 1135 1168 1198 καὶ
1181 1135 1302 1204 nott-n

184 1255 257 1314 μιαν
278 1225 430 1296 ἐλάνθανε
450 1225 645 1316 καιριαότερον
666 1230 761 1310 αάτδς
782 1229 978 1315 τοξευόμενος
991 1234 1077 1322 παρά
1090 1235 1223 1324 πλευράν
1243 1238 1276 1306 ίκ

186 1339 249 1398 τῶν
267 1327 441 1420 δμοφόλιον.
494 1331 564 1424 (B.)
587 1331 788 1415 Ἐπελάβοντο
801 1333 861 1422 γάρ
877 1333 973 1402 αάτοῦ
992 1332 1034 1412 ὥς
1052 1343 1276 1426 βλασφημοῦν-

147 1443 180 1498 to
188 1431 241 1512 τός
260 1459 340 1513 τινες
354 1442 417 1502 τῶν
434 1433 595 1522 ἀρχιερίεον
610 1439 736 1504 καὶτῶν
756 1443 812 1504 τοῦ
830 1433 944 1526 κλήρου
958 1441 1008 1502 καί
1023 1437 1180 1528 παρῄνουν
1196 1441 1279 1510 ἔστιν

187 1535 226 1616 ἀς
237 1537 413 1622 μεταθέντα
427 1543 488 1604 τῶν
503 1539 611 1618 λίξειον
623 1539 783 1606 ἀκίνδυνον
796 1536 871 1606 εἶναι
883 1541 934 1605 καί
945 1543 1101 1628 λοιδορίας
1116 1541 1211 1622 ἐκτός.
1239 1543 1276 1614 ori

187 1639 249 1726 μὴν
262 1639 347 1718 ἔδοξε
360 1641 401 1708 coi
417 1647 474 1726 τῆς
487 1642 691 1728 παραινίσειος
704 1639 806 1732 τοάτερ
827 1639 983 1728 τυγχάνειν
996 1640 1067 1730 byca
1090 1649 1141 1712 καὶ
1160 1645 1276 1715 ἀνόπα-
1292 1661 1326 1717 V.
1341 1665 1379 1722 90

188 1769 268 1826 πτα,
294 1743 368 1810 ἀλλ’
390 1739 628 1830 ὑποκαθήμενον
650 1743 725 1829 λήγειν
747 1746 799 1812 καί
816 1741 994 1833 ἀφίρποντα
1015 1745 1146 1834 φθόνον.
1180 1749 1281 1841 ταύτῃ

187 1871 236 1914 τοι
255 1849 306 1911 καλ
325 1847 464 1915 ἐνίστατο
483 1849 536 1914 καλ
556 1845 750 1936 παραξόνετο
766 1846 843 1934 πρός
859 1848 1031 1935 ἀντιλογίας
1043 1854 1094 1916 καὶ
1111 1852 1306 1934 ἀποδείξαςθ

148 1955 182 2012 15
190 1953 240 2015 καί
262 1947 363 2036 λόγοις
385 1945 495 2036 λόγους
515 1951 660 2038 συνείρων
678 1951 727 2016 tul
742 1949 821 2018 πολδ
839 1951 959 2018 διετέλει
972 1951 1228 2042 ἀποφράττοντάς
1248 1983 1284 2026 τε

188 2051 229 2118 τά
242 2059 305 2118 τῶν
318 2050 525 2140 ίγκαλοόνταιν
540 2051 583 2132 ὡς
595 2050 691 2122 ίδόκει
705 2051 846 2138 στόματα
864 2055 915 2120 καλ
927 2051 1140 2142 ὑπερείδοντος
1156 2054 1197 2135 ὥς
1210 2062 1282 2145 ίνῆν

190 2154 285 2222 αάτδν
301 2143 352 2222 καί
369 2155 405 2222 τό
426 2155 554 2246 στερρδν
572 2167 637 2235 τοῖς
659 2155 756 2224 αάτοῦ
777 2157 1044 2247 περιποιουμίνους
1059 2157 1170 2246 λόγοις.
1206 2161 1280 2228 ἀλλ’

189 2257 246 2326 οὐκ
269 2251 307 2342 ἦν
329 2255 371 2334 ὥς
389 2257 482 2326 ξὀιιιεν
501 2260 640 2327 tattone
662 2263 713 2327 καὶ
731 2265 815 2350 θεῷ,
842 2267 887 2350 τῷ
902 2257 1004 2326 πάντα
1018 2261 1095 2348 πρός
1110 2262 1145 2330 cd
1163 2263 1283 2352 σομφί-

191 2387 247 2450 ρον
261 2365 481 2447 οίκονομοῦντι,
493 2365 544 2430 καὶ
553 2367 595 2442 είς
606 2361 642 2430 τό
653 2361 722 2448 ἑξῆς
737 2363 924 2450 εάδρομῆσαι
937 2362 991 2430 τδν
1005 2361 1113 2454 ίίνδρα.
1142 2367 1194 2430 διά
1207 2373 1282 2433 τοῦ-

148 2468 228 2532 λοτο
244 2465 362 2532 δίδοται
376 2474 440 2543 τοῖς
453 2465 637 2552 μαχομίνοις
651 2465 738 2550 ίσχδς
753 2467 804 2532 καί
823 2464 946 2532 ἀνάπτει
961 2465 1002 2532 τά
1016 2473 1073 2552 τῆς
1087 2470 1281 2556 φιλονεικίας,
1295 2489 1298 2496 ·

190 2565 291 2658 ὥσπερ
302 2561 362 2635 ἀπὸ
372 2567 544 2658 σπινθῆρος
556 2571 598 2648 είς
608 2565 735 2658 πυρσόν.
756 2566 1000 2658 ἀπορρήγνυνται
1012 2569 1071 2658 γάρ
1086 2569 1182 2638 αάτοῦ
1197 2579 1313 2660 πρῶ-Ι)

189 2695 245 2738 τον
258 2672 315 2755 μὲν
331 2678 395 2738 τῶν
412 2669 574 2760 ἀρχιερίιον
596 2672 653 2739 οάκ
665 2673 807 2756 ἐλαχίστη
821 2682 917 2759 μοῖρα
934 2673 1060 2740 καὶτῶν
1078 2680 1135 2740 cod
1149 2672 1283 2764 κλήρου·

190 2771 493 2863 συναπορρήγνννται
513 2775 547 2840 dd
558 2777 609 2841 καλ
625 2771 768 2864 ολτοότῳ
782 2779 902 2858 μᾶλλον
921 2780 985 2841 τῶν
1000 2773 1101 2844 ἀλλων
1123 2775 1285 2865 ἀρχιερίοιν
1301 2854 1304 2862 ,

194 2873 462 2964 φιλοόμενοι,τοδς
470 2877 857 2966 περλΧειλᾶντόυἘφίσου
871 2879 950 2965 φημί
961 2879 1012 2944 καί
1020 2878 1142 2964 Δανιὴλ
1153 2878 1208 2946 τόν
1218 2884 1289 2948 Κυ-

261 3007 288 3062 a
311 3003 572 3080 εμαι-γμφαε
589 2977 649 3062 to.
664 3007 697 3065 l.
753 3008 796 3066 11.
813 3003 972 3077 lumem
987 3003 1029 3075 l,
1045 3004 1229 3076 μετιεαεηα
1242 3009 1289 3063 m.

192 3109 261 3182 qnod
281 3111 391 3164 extorris
409 3111 443 3164 ab
461 3110 549 3165 amieis
566 3117 594 3165 st
610 3109 729 3178 coguatio
748 3109 851 3164 avulsus
872 3111 955 3165 eesete
976 3109 1063 3164 verbis
1082 3111 1160 3164 etiam
1176 3115 1204 3164 et
1221 3110 1289 3166 scri·

192 3181 245 3252 ptia
264 3179 360 3234 eminus
379 3179 449 3234 illurn
462 3181 588 3245 feriebat,
604 3179 719 3232 eiusdem
734 3179 832 3248 scripta
841 3185 868 3234 et
881 3179 1038 3248 dogmaticas
1052 3179 1211 3234 definitiones
1226 3197 1288 3238 oon-

191 3249 279 3304 trariis
293 3249 555 3318 argumentationibus
567 3266 597 3304 ac
609 3247 798 3302 delinitionibus
811 3247 990 3317 redarguebat
1024 3247 1090 3301 Dum
1103 3265 1164 3302 vero
1175 3249 1245 3302 illum
1259 3253 1288 3302 et

193 3323 336 3372 sectatores
357 3319 425 3371 illins
442 3325 587 3389 oppugnat,
605 3317 639 3371 im
657 3317 751 3370 rudens
765 3318 797 3370 eb
810 3316 867 3370 aliis
882 3323 909 3370 et
925 3313 981 3386 ipse
992 3315 1137 3370 vulneratus
1150 3323 1204 3370 este
1221 3317 1288 3370 etin

192 3387 225 3440 iis
244 3393 350 3470 coptos,
368 3387 460 3458 quibus
480 3387 543 3441 alios
562 3404 592 3440 oa
610 3335 695 3440 elau
712 3403 762 3439 non
781 3386 857 3440 aliter
877 3403 951 3455 quam
968 3384 991 3438 si
1008 3387 1066 3456 quis
1079 3383 1132 3438 tela
1151 3385 1180 3438 in
1199 3386 1289 3440 hostes
1340 3423 1341 3428 ,

193 3455 329 3510 conlidens
348 3457 357 3510 i
378 3474 406 3509 se
424 3474 440 3509 a
461 3456 514 3510 soie
528 3473 561 3510 ex
575 3405 677 3526 alliquo
696 3453 839 3525 grauiorem
851 3455 952 3524 plagam
967 3461 1071 3526 praeter
1085 3453 1228 3524 opinionem
1243 3473 1289 3507 ao·

193 3475 1289 3662 coc„clltuldemmmccucccmerroreum

459 3631 467 3646 ·
681 3629 690 3656 ο

193 3667 222 3714 et
239 3661 380 3715 convicium
395 3661 498 3716 vitaret
532 3663 575 3717 Ea
593 3663 731 3716 admonitio
748 3680 799 3715 non
817 3662 918 3714 sincera
931 3679 989 3714 esse
1006 3678 1053 3714 nec
1067 3609 1210 3732 τιαρίἀοοε
1221 3659 1290 3717 euni

193 3747 298 3795 carere,
316 3731 363 3784 sed
380 3733 511 3786 obscuram
530 3740 557 3786 et
575 3733 662 3785 furtim
681 3733 859 3801 subrepentem
879 3729 1002 3784 invidiam
1020 3729 1105 3784 celare
1125 3730 1151 3783 ei
1168 3728 1226 3783 dise
1238 3734 1289 3786 est.

192 3799 306 3852 Proinde
316 3817 370 3854 rem
383 3801 509 3884 urgebat,
524 3807 553 3854 et
563 3800 597 3854 ad
608 3801 831 3854 contradicendum
841 3801 995 3864 acuebatur,
1012 3803 1039 3851 et
1050 3799 1214 3868 probationes
1226 3815 1290 3868 pro·

194 3869 340 3922 batiouiboc
351 3886 382 3922 ac
402 3869 588 3939 disputationes
607 3869 822 3940 disputationibus
834 3869 992 3933 cumulabat,
1008 3867 1099 3938 quibua
1110 3875 1287 3923 accusatorum

71 3967 75 3988 ι
194 3953 255 4001 ora,
273 3943 304 3992 ut
341 3939 445 4002 utabat,
462 3940 610 4004 obtineret3
627 3957 655 3992 se
676 3939 761 4009 ipsum
781 3945 864 3992 autem
883 3955 930 4007 pro
948 3936 1019 3990 virili
1035 3941 1167 4002 tueretur,
1184 3953 1215 3990 ac
1232 3936 1288 3990 suia

195 4006 274 4059 dictis
293 3955 371 4062 εοόοτ
386 4007 503 4062 adderet.
537 4007 589 4060 Sed
603 4013 712 4080 apparet
728 4008 818 4078 utique
835 4007 932 4070 Deum,
950 4006 996 4077 qui
1010 4004 1043 4058 ad
1055 4005 1192 4061 utilitatem
1204 4004 1290 4060 omnia

194 4073 301 4145 dirigit,
318 4075 432 4129 uoluisse
451 4077 508 4130 viro
527 4075 564 4130 illi
578 4075 654 4130 etiam
667 4083 771 4132 caetera
783 4075 955 4130 exsertantia
966 4073 1113 4129 succedere.
1146 4076 1237 4144 ltaque
1247 4072 1290 4125 vi-

194 4159 236 4198 res
252 4145 458 4198 adversariorum
476 4152 615 4214 augentur,
632 4152 811 4217 certamenque
830 4144 992 4208 accenditur,
1009 4149 1038 4198 ut
1057 4159 1166 4213 eparvo
1174 4139 1290 4214 pcintilla

193 4229 311 4282 magnum
328 4213 427 4267 oriamr
444 4213 595 4267 incendium.
628 4215 740 4268 Primum
758 4231 808 4268 nou
827 4213 929 4266 minim
942 4211 1085 4282 pontificum
1099 4218 1127 4265 et
1140 4211 1289 4264 clericorum

71 4301 74 4307 ’
193 4299 255 4352 pare
266 4300 324 4336 eum
337 4279 470 4336 destituit:
489 4281 639 4336 destituitur
650 4289 678 4336 et
690 4285 722 4338 ab
733 4284 767 4336 iis
781 4299 846 4354 quoe
857 4299 920 4353 prae
932 4281 1043 4336 caeteris
1053 4279 1215 4350 pontificibus
1227 4277 1289 4329 dili·

192 4353 287 4421 gebat,
304 4351 380 4406 chila
397 4351 513 4422 Ephesio
533 4357 561 4406 et
578 4349 688 4408 Daniele
705 4351 849 4424 cyziceno,
865 4351 961 4424 quibu
980 4351 1014 4404 ob
1034 4347 1202 4402 eruditionem
1217 4346 1287 4401 iusto

263 4436 424 4508 Nicoplosue
438 4437 548 4510 (ἕτερον.
586 4437 641 4492 Vol.
659 4437 682 4493 1.
1043 4425 1086 4488 12
