2998 4872
357 345 591 414 NICEPHORI
614 345 852 414 GREGORAE
872 347 991 417 VITA.
1141 359 1224 410 m!

124 505 219 586 gavit.
261 504 358 565 Nocte
382 515 482 568 antem
504 506 641 586 proxime
656 505 836 586 subsequuta
851 505 1030 586 Byzantium
1045 517 1224 588 occupatum

125 613 145 651 a
159 591 369 652 (lantacureno
385 589 421 670 1).

212 675 272 736 Ηίο
289 677 379 755 longo
395 685 464 736 ante
483 697 573 758 quam
589 685 665 738 esset
679 676 717 736 ad
735 696 904 757 supremam
917 678 1089 758 dignitatem
1102 673 1224 742 erectus

125 761 333 842 Nicephorum
349 763 510 842 Gregoram
531 764 564 822 in
588 763 701 822 intimis
719 760 870 824 babuerat.
910 764 1092 826 Litterarum
1113 765 1226 846 quippe

127 847 237 908 studiis
252 868 270 905 a
283 867 378 927 puero
393 867 489 926 usque
504 849 622 908 deditus
636 846 665 928 ²)
687 849 802 908 amabat
817 848 899 908 viros
916 849 1036 926 domos,
1056 860 1086 910 et
1104 871 1173 910 oum
1187 851 1226 910 iis

128 934 268 1012 frequens
284 933 527 994 conversabatur.
557 933 617 992 Ubi
635 953 735 992 rerum
748 933 861 1014 potitus
873 932 967 1015 eall),
983 937 1091 996 veteris
1105 935 1226 1016 quidem

127 1017 341 1078 familiaritatis
361 1017 408 1078 ius
429 1018 578 1098 integrum
599 1017 645 1078 illi
661 1018 806 1078 servavits
829 1019 880 1078 sed
895 1019 964 1099 plue
980 1041 1074 1098 aequo
1091 1021 1123 1080 in
1138 1022 1224 1081 Palu-

126 1102 217 1162 mitaa
228 1123 396 1183 propensus
413 1123 479 1184 spes
493 1105 671 1185 praeclaras,
683 1123 756 1182 quas
769 1105 794 1162 is
803 1103 839 1162 de
851 1104 918 1183 ipso
928 1115 1115 1184 conceperat,
1126 1106 1225 1166 omni-

124 1207 168 1247 no
189 1189 353 1247 busmatne
367 1197 421 1247 eat.
465 1190 612 1270 Gregoras
626 1209 698 1250 vero
713 1189 751 1248 de
765 1189 853 1248 amici
870 1189 925 1270 (ita
938 1191 974 1248 de
986 1190 1169 1270 Imperatore
1181 1191 1226 1249 lo-

126 1271 243 1354 quitur)
264 1273 361 1332 salute
381 1273 529 1336 sollicitus
549 1276 582 1336 in
604 1295 667 1334 eam
690 1293 794 1334 curam
814 1281 898 1333 totus
920 1273 1075 1350 incubuit,
1097 1283 1133 1332 ut
1160 1293 1227 1334 eum

126 1357 315 1418 aberrantem
335 1357 367 1417 in
384 1359 464 1418 riam
484 1362 649 1421 reduceret.
694 1360 777 1433 Quin
792 1358 881 1417 etiem
895 1359 1021 1437 cognitis
1038 1358 1227 1420 adversarie-

124 1463 197 1502 rnm
218 1441 508 1523 machinationibus,
533 1447 585 1525 qui
607 1455 643 1505 ut
663 1465 754 1524 quam
774 1443 907 1524 primum
925 1444 1014 1503 exilio
1030 1445 1228 1504 mulctaretur

128 1529 302 1588 clanculum
322 1539 353 1588 et
370 1531 469 1609 palam
490 1532 571 1611 apud
592 1531 833 1589 Cantacnzenum
848 1529 986 1607 agebant,
1007 1529 1130 1591 liberius
1146 1528 1229 1588 bunc

128 1633 251 1692 arguere
274 1613 421 1692 instituit,
453 1625 489 1676 ut
509 1617 559 1676 'rel
581 1615 753 1676 conuictum
773 1614 892 1695 pudore
918 1614 1065 1692 afficeret,
1093 1615 1142 1675 rel
1162 1615 1229 1694 ipse

126 1699 273 1778 Byzantio
303 1709 425 1759 mactus
445 1701 585 1761 scelestae
606 1721 763 1781 oppressae
784 1709 947 1779 conspectu
976 1699 1078 1759 saltem
1104 1708 1228 1762 careret.

126 1783 171 1842 tt
190 1783 243 1842 ille
260 1791 350 1842 tenax
369 1785 533 1865 propositi,
555 1807 612 1846 nee
632 1785 764 1845 bominis
783 1785 854 1844 irati
876 1784 975 1845 verbis
992 1783 1139 1859 offensus,
1160 1785 1229 1864 pari

128 1887 226 1946 usque
245 1869 311 1928 iure
329 1869 494 1950 Imperator
516 1891 583 1932 cum
606 1871 726 1952 privato
740 1869 929 1950 disputabat;
951 1879 988 1928 ut
999 1869 1079 1930 illius
1091 1869 1229 1930 clemen·-

128 1952 213 2030 tiam,
232 1953 324 2034 magis
338 1975 428 2034 quam
442 1955 531 2016 buius
545 1959 652 2033 zelum,
674 1955 809 2037 plerique
822 1955 1053 2016 admirarentur.
1093 1955 1228 2014 Tandem

129 2037 285 2116 Gregoras,
307 2041 449 2118 qnoniam
461 2039 519 2100 bac
535 2042 631 2101 minus
644 2041 830 2117 succedebat,
852 2041 941 2099 aliam
955 2040 1037 2100 viam
1047 2039 1226 2118 ingreditur.

128 2123 338 2183 Cautaeuzeno
361 2125 605 2204 Didymoticbnm
626 2127 762 2207 profecto
776 2123 822 2206 ⁴),
843 2125 950 2186 Irenen
970 2125 1034 2186 adit
1050 2125 1132 2184 illiue
1149 2144 1228 2184 uxo-

127 2227 207 2285 rem,
229 2209 345 2269 meanti
364 2209 420 2270 filii
434 2220 531 2270 morta
547 2211 698 2272 afflictam.
740 2211 815 2271 Eam
829 2211 943 2270 cladem
957 2209 1067 2270 erroris
1080 2231 1135 2291 per
1151 2210 1229 2269 Can·

127 2301 308 2354 taouzenum
322 2296 483 2374 graamruis
508 2297 642 2356 fructum
661 2316 724 2357 ease
742 2295 883 2373 affirmat,
906 2305 936 2356 et
954 2295 1044 2354 fidem
1056 2294 1141 2356 lacit.
1183 2294 1230 2352 Ita

126 2398 194 2438 suaa
208 2389 309 2459 partes
325 2380 473 2458 Augustae
483 2382 656 2461 patrocinio
671 2382 804 2444 roborat.
838 2381 881 2440 Ea
895 2401 929 2442 re
941 2381 1045 2440 audita
1058 2377 1228 2455 Palamitae,

127 2484 163 2522 ac
186 2462 328 2546 inprimis
347 2465 481 2526 Isidorus
498 2467 684 2547 patriarcba,
706 2469 745 2528 ed
758 2467 866 2528 Irenen
881 2465 1044 2544 acceddut,
1067 2465 1168 2544 eique,
1192 2475 1229 2525 ut

127 2547 166 2608 ab
195 2549 277 2608 omni
303 2569 374 2610 cum
389 2552 520 2628 Gregora
533 2552 750 2614 consuetudine
773 2551 935 2629 abstineat,
956 2551 1134 2634 persuadere
1149 2571 1230 2610 con-

124 2632 266 2697 tendunt.
309 2635 433 2716 Repulsi
449 2638 685 2698 Cantacuzeuum
704 2635 916 2717 Didymoticbo
929 2646 1068 2698 evocant.
1110 2635 1169 2696 Hic
1181 2644 1230 2695 tu-

125 2718 258 2780 multum
285 2721 403 2782 veritus
426 2722 604 2802 Byzantium
631 2723 755 2784 aduolet
779 2731 809 2782 et
830 2723 981 2802 litigantes
1003 2721 1144 2800 arcessit,
1171 2720 1230 2780 Iai-

126 2803 239 2864 dorum
259 2824 368 2886 nempe
387 2816 417 2866 et
440 2809 612 2888 Gregoram.
653 2808 757 2870 Multis
779 2809 863 2868 ultro
885 2808 1023 2888 citroque
1042 2804 1229 2867 sermonibus

125 2885 256 2965 habitis,
276 2890 407 2970 pervicit
425 2891 589 2972 Gregorus,
610 2901 645 2954 ut
659 2891 768 2954 Isidori
786 2895 935 2969 (lenones,
957 2911 1011 2952 seu
1029 2890 1229 2972 Hymnodiae,

125 2972 201 3051 igne
218 2973 404 3052 delerentur,
426 2997 463 3036 ac
483 2988 519 3038 ut
530 2979 677 3058 loquendi
690 2978 859 3040 libertatem
874 2977 897 3036 ii
914 2976 1099 3058 reciperent,
1122 2975 1229 3056 quibus

126 3056 270 3138 adapta
297 3070 380 3124 esset.
421 3061 476 3122 His
499 3065 719 3126 conditionibus
739 3063 772 3124 in
801 3063 993 3125 concordiam
1018 3061 1151 3122 reditum
1174 3070 1229 3138 eat,

126 3152 159 3203 et
178 3154 356 3225 sumptuoso
379 3147 520 3208 convivio
539 3149 652 3210 sancita
674 3169 744 3230 pax.
787 3149 909 3207 Sedeas
923 3148 1043 3226 quidem
1058 3147 1164 3207 breves
1179 3146 1230 3206 in-

126 3227 238 3289 duciae
251 3231 384 3294 luerunt.
427 3233 501 3293 Nam
515 3235 657 3311 Palamas,
678 3233 759 3312 quod
771 3233 817 3292 illi
830 3233 981 3312 colloquio
996 3251 1136 3312 praeseus
1148 3229 1231 3290 haud

124 3313 331 3393 interfuisset,
360 3317 571 3398 Didymoticbo
592 3319 787 3402 postmodum
811 3317 942 3391 accitus,
970 3316 1039 3376 lites
1060 3315 1229 3376 renovavit.

124 3396 321 3480 Disputatum
333 3422 439 3464 murus
452 3405 536 3484 apud
551 3405 764 3486 Imperatorem
777 3403 841 3464 acri
852 3402 1061 3477 contentione,
1081 3401 1167 3461 nullo
1178 3421 1230 3460 au.

124 3491 190 3544 tur
205 3505 355 3550 successu.
400 3489 444 3548 De
464 3497 530 3549 toto
546 3491 602 3550 illo
621 3491 742 3570 negotio
756 3489 846 3570 plura
858 3488 936 3549 scire
950 3487 1005 3568 qui
1018 3488 1187 3562 voluerint,
1208 3487 1230 3546 ii

126 3567 294 3648 Gregoram
306 3571 406 3652 ipsum
418 3573 535 3652 adeant,
555 3575 706 3638 Historiae
724 3574 802 3635 libro
816 3593 872 3635 xv.
888 3574 959 3654 Cap.
975 3594 1009 3652 r,

212 3671 340 3733 biennio
364 3675 426 3736 lere
446 3686 607 3757 postquam
630 3677 705 3738 bueo
725 3685 806 3756 gesta
827 3685 920 3744 aunt,
944 3675 1000 3735 aab
1027 3675 1142 3736 exitum
1159 3675 1230 3735 anni

125 3771 295 3834 merom,
313 3759 390 3820 obiit
406 3762 755 3844 constantinopolitanus
770 3759 941 3842 patriarcba
960 3759 1109 3826 Isidorus·
1147 3761 1231 3820 Gan-

124 3850 292 3901 taeuaenus
312 3841 479 3925 Imperator
499 3857 531 3908 et
546 3847 633 3908 Irene
646 3847 779 3926 Augusta
796 3847 944 3924 Gregorae
961 3846 1095 3908 anianum
1109 3845 1231 3906 blaudi·

123 3926 195 4002 riis,
215 3925 390 4008 promissis,
410 3931 640 4010 largitionibus,
662 3934 790 4012 aliisque
810 3932 925 3992 artibus
947 3931 1006 3990 iam
1027 3951 1115 4012 saepe
1129 3941 1230 3990 tenta-

121 4019 208 4086 tum,
231 4010 322 4072 etiam
340 4015 536 4094 patriarchali
550 4018 695 4098 dignitate
715 4025 861 4078 ostentata
882 4016 1003 4076 flectere
1027 4025 1058 4076 et
1072 4016 1130 4076 sibi
1142 4035 1231 4075 man-

122 4095 231 4180 cipare
251 4099 355 4158 conati
376 4111 457 4162 aunt.
501 4103 646 4183 Gregeras
657 4112 694 4165 ut
708 4101 884 4164 sententiam
897 4110 1029 4162 mutaret
1042 4101 1153 4162 adduci
1167 4120 1231 4162 non

157 4278 194 4348 1)
210 4281 244 4334 Α.
259 4280 292 4336 0.
308 4297 467 4339 roomvn.
485 4301 572 4342 uana
583 4286 710 4344 Februar.
776 4285 810 4356 2)
832 4285 915 4355 Greg.
929 4284 999 4338 Eiet.
1017 4283 1061 4338 te.
1080 4299 1137 4338 ιιι.
1161 4299 1187 4338 e.
1206 4283 1230 4336 1.

194 4353 263 4405 nect
276 4347 304 4408 4.
357 4351 459 4424 mit
473 4371 530 4414 ιη.
545 4373 568 4413 o
581 4359 609 4415 5.
662 4355 696 4426 4)
712 4355 1078 4412 memororum-autumno
1093 4358 1212 4407 aarum.
