2998 4872
262 307 342 353 xxvi
492 291 727 360 NICEPHORI
749 291 988 360 GBBGORAE
1010 293 1126 362 VITA.

264 461 295 512 et
311 450 471 527 Ricardus,
493 448 546 510 laic
568 447 726 530 episcopus
746 448 956 512 Chersonensis
973 447 1015 530 1),
1034 449 1087 510 ille
1103 451 1229 530 Bospori
1249 449 1278 531 ¹)
1303 472 1357 512 an-

264 537 487 617 chiepiscopns,
508 557 525 594 a
541 535 619 616 Papa
635 535 744 594 loanne
754 555 834 596 xxu.
850 536 939 614 legati
950 537 1128 614 Byzantium
1139 545 1298 611 venerunt,
1318 537 1359 596 de

263 623 351 683 rebus
367 620 566 683 controversis
580 620 784 700 disceptaturi.
825 621 949 681 Ioannes
964 622 1081 680 Galeam
1092 619 1281 701 patriarcha,
1303 621 1361 700 qui

264 708 391 788 neoipse
399 703 659 788 linguam‘dicendi
672 725 727 765 usu
739 707 931 766 exercitatam
943 705 1080 782 habebat,
1105 717 1134 766 et
1158 705 1361 786 suosepisco-

264 813 322 874 pos
345 792 503 852 maximam
521 801 636 872 partem
659 791 881 854 indoctissimos
900 813 961 851 esse
983 793 1136 866 cernebat,
1157 791 1363 871 Nicephorum

266 879 442 956 Gregoram,
468 878 581 936 laicum
602 876 735 956 quidem,
758 877 810 936 sed
830 877 978 937 crudimm
992 885 1022 937 et
1043 877 1180 958 inprimis
1202 877 1361 952 disertum,

263 961 348 1021 illico
364 961 540 1039 advocavit,
561 971 592 1020 et
609 963 646 1022 ad
659 962 822 1022 ineundum
845 983 913 1022 cum
926 962 1039 1022 Latiraia
1057 971 1205 1022 certamen
1218 960 1362 1022 hortatus

263 1056 317 1107 est.
359 1047 417 1107 Hic
431 1047 519 1106 initio
538 1047 689 1108 silentium
704 1047 862 1108 suadebat:
884 1068 956 1107 mox
977 1049 1093 1108 futuras
1115 1047 1186 1108 inde
1208 1046 1364 1126 suspicio-

263 1151 317 1193 nes
342 1142 372 1191 et
390 1132 494 1212 iniqua
512 1131 668 1192 hominum
687 1133 798 1193 iudicia
819 1133 965 1194 reveritus
987 1134 1114 1213 amplius
1135 1131 1365 1192 deliberandum

265 1217 400 1294 cenauit,
423 1239 459 1276 ac
473 1237 563 1299 super
580 1239 614 1278 eo
627 1219 745 1297 negotio
758 1217 858 1278 habita
872 1240 971 1279 coram
985 1219 1100 1279 selectis
1116 1217 1262 1299 episcopia
1278 1216 1367 1297 apud

261 1302 463 1383 ¹patriarcham
476 1304 564 1382 longa
578 1305 727 1380 oratione,
750 1305 924 1364 sententiam
943 1325 1026 1364 suam
1042 1303 1121 1362 hanc
1137 1323 1199 1363 esse
1222 1303 1368 1362 declara-

263 1388 325 1447 vit:
343 1389 440 1468 primo
455 1409 516 1448 non
530 1389 626 1448 cuivis
641 1389 873 1470 permittendum
889 1389 1041 1470 disputare
1056 1409 1124 1448 cum
1135 1389 1232 1448 Italis:
1254 1386 1368 1448 deinde

265 1493 389 1552 scopun
405 1473 533 1552 aliquem
552 1473 748 1554 disputationi
763 1475 1009 1556 proponendum:
1031 1483 1097 1533 tum
1119 1473 1369 1533 constituendum

267 1577 330 1616 esse
344 1557 488 1633 iudicem,
509 1555 627 1617 idvero
642 1579 749 1618 munus
764 1561 802 1618 ad
817 1561 945 1619 Graecos
962 1559 1127 1640 pertinere:
1149 1559 1221 1618 fidei
1241 1568 1370 1617 contro-

265 1643 377 1702 versias
401 1643 537 1702 omnibus
559 1643 701 1702 eeclesiae
724 1645 910 1724 praesulibus
933 1646 1105 1705 convocatis
1127 1654 1263 1724 oportere
1283 1641 1370 1702 defi-

265 1727 343 1786 niri:
363 1727 583 1807 syllogismum,
606 1749 663 1808 qua
685 1730 911 1806 argumentandi
930 1731 1046 1790 ratione
1066 1730 1230 1810 plurimum
1252 1727 1320 1786 Itali
1333 1724 1368 1808 8)

267 1811 418 1890 valerent,
447 1811 500 1872 uhi
523 1813 559 1872 de
575 1814 634 1872 Deo
662 1813 879 1894 disputaretur,
907 1815 1008 1874 locum
1031 1815 1152 1873 minime
1168 1813 1291 1873 habere:
1322 1832 1370 1872 nc

266 1897 333 1978 ipsa
347 1897 466 1976 quidem
485 1899 605 1958 Petrum
629 1899 799 1959 testimonia
820 1899 1008 1980 accipienda,
1030 1899 1090 1958 nisi
1112 1921 1185 1979 quae
1205 1898 1370 1979 perspicua

269 1991 379 2041 essent:
402 1983 528 2064 denique
541 1983 775 2064 disputationem
789 2005 907 2044 omnem
921 1983 1011 2045 hodie
1027 2005 1292 2064 supervacaneam,-
1314 2003 1367 2041 eas

269 2068 453 2146 quaestiones
465 2069 641 2149 iampridem
662 2071 801 2148 agitatas:
830 2069 952 2130 definita
974 2070 1010 2129 ab
1036 2069 1167 2150 antiquis
1190 2065 1368 2128 doctoribus

268 2173 331 2212 non
345 2173 407 2212 ease
419 2153 453 2212 in
466 2155 593 2213 dubium
605 2156 783 2232 revocanda,
804 2175 861 2214 nec
873 2155 963 2214 licere
976 2155 1010 2213 in
1023 2155 1112 2214 rebus
1131 2155 1240 2215 divinis
1253 2163 1370 2213 temere

267 2237 451 2299 ratiocinari.
499 2237 582 2300 llaec
605 2247 634 2298 st
653 2241 728 2317 alis,
751 2241 854 2300 eodem
871 2241 933 2298 fare
960 2240 1143 2320 spectantia,
1171 2261 1240 2300 oum
1266 2237 1369 2297 dixis-

267 2332 312 2383 set
322 2369 335 2400 ,
371 2322 453 2384 visus
483 2334 529 2384 est
559 2325 757 2386 eruditiorum
779 2325 988 2405 episcoporum
1021 2325 1157 2405 opinioni
1193 2343 1369 2402 congruen-

267 2409 310 2467 tia
333 2407 459 2485 dixisse,
490 2429 558 2469 cum
584 2411 728 2480 aliorum,
755 2421 823 2470 tum
844 2409 973 2470 mmcime
995 2409 1204 2490 Dyrrhachini.
1247 2409 1370 2468 Horum

268 2493 477 2552 auctoritatem
516 2497 641 2572 caeteri,
676 2496 729 2575 qui
762 2497 931 2574 eloquentia
964 2493 1062 2554 minua
1092 2495 1245 2570 valebant,
1281 2494 1371 2552 omni

269 2579 469 2638 contentionis
488 2579 586 2639 studio
611 2581 743 2658 abiecto,
771 2581 889 2659 sequuti
916 2590 996 2640 sunt.
1037 2581 1082 2638 Ita
1103 2579 1208 2639 Graeci
1231 2579 1371 2637 oblatum

268 2685 286 2722 a
298 2664 409 2722 Latinis
424 2673 573 2723 certamen
587 2665 776 2725 declinarunt
787 2663 826 2742 4).
848 2665 959 2723 Tamen
973 2666 1145 2725 Barlaamus
1159 2685 1215 2746 pro
1233 2665 1372 2722 Graeco-

266 2769 334 2808 rum
348 2747 484 2828 dogmate
495 2751 591 2810 multa
604 2759 670 2809 turn
686 2749 805 2832 scripsit
819 2747 846 2830 ⁶)
863 2750 1004 2812 adversus
1012 2751 1136 2812 Romani
1149 2747 1302 2832 pontificis
1315 2747 1372 2808 le-

304 2969 335 3038 1)
352 2967 402 3021 Vul
459 2967 636 3022 canonensis.
711 2968 742 3037 2)
758 2969 844 3038 Vulgo
857 2969 1021 3040 Vosprensis.
1054 2969 1123 3022 Vide
1142 2969 1275 3039 epistolam
1290 2965 1372 3020 Ioan-

338 3037 378 3090 nis
420 3037 480 3090 ΧΠ.
499 3039 533 3091 sd
553 3039 619 3090 hunc
633 3038 870 3108 archiepiscopum,
887 3039 972 3092 datam
990 3037 1120 3092 dveniens
1133 3041 1164 3091 A.
1179 3037 1211 3090 C.
1229 3037 1304 3092 1311
1327 3053 1373 3090 τι.

337 3105 407 3160 Non.
417 3107 465 3160 lul.
490 3107 739 3162 VideetOdoricum
748 3108 909 3177 Raynaldura
923 3109 1117 3164 adana1333.
1134 3123 1200 3160 uum.
1215 3109 1255 3161 17.
1271 3110 1310 3162 lh
1324 3110 1373 3163 19.

337 3175 399 3229 item
414 3175 448 3228 ad
463 3193 555 3230 annum
570 3175 645 3234 1334.
664 3193 732 3232 uum.
746 3175 772 3230 4.
784 3180 810 3233 5.
878 3179 910 3245 3)
927 3179 1023 3230 Graeci
1038 3177 1144 3228 Latinos
1158 3177 1291 3246 theologos
1304 3193 1372 3244 pas-

295 3277 303 3302 .
341 3245 389 3298 sim
403 3250 493 3298 notant
513 3252 541 3298 et
559 3247 694 3310 vellicant,
713 3253 741 3298 ut
754 3245 895 3316 syllogismi
914 3245 1016 3298 nimium
1034 3245 1169 3298 studiosos.
1204 3246 1372 3315 (lanternae-

338 3331 387 3366 nus
407 3315 435 3365 in
458 3314 631 3368 Antirrhetioo
649 3319 739 3367 contra
757 3315 913 3367 Prochonuu
937 3314 1078 3383 Cydoniam
1107 3315 1185 3382 (eod.
1210 3331 1266 3382 reg.
1289 3314 1372 3367 1999.

339 3399 400 3452 pag.
418 3379 476 3451 41.)
494 3385 521 3437 al
535 3381 564 3436 d'
581 3379 633 3437 osis
654 3379 779 3452 αὐτάρκη
796 3385 904 3446 ταῦτα,
920 3389 1013 3438 καίτοι
1029 3383 1116 3438 sotici
1131 3403 1161 3452 ys
1176 3381 1245 3439 ὄντα
1262 3381 1308 3436 καί
1319 3380 1373 3445 μέ·

339 3467 435 3520 procu,
452 3451 500 3504 καί
512 3454 565 3506 rosi
576 3451 653 3520 stood
664 3456 794 3516 Λατίνοις
807 3449 976 3508 διδασκάλου
995 3455 1091 3519 Θαμᾶ,
1109 3449 1287 3521 συλλογισμὸν
1299 3451 1374 3518 paa-

340 3513 420 3588 ίονῆ
435 3515 504 3588 ἀέρα
519 3521 667 3587 πνέοντος,
684 3521 735 3592 τὴν
747 3523 902 3590 μαρτυρίαν
915 3537 959 3576 σοι
974 3523 1166 3590 παρεξόμεθα·
1185 3523 1254 3590 πρὸς
1268 3516 1302 3589 ἣν
1315 3515 1372 3576 οὖν

341 3583 378 3644 ἂν
400 3589 458 3657 εἴης
480 3591 587 3654 δίκαιος
603 3591 785 3662 ἀντιβαίνειν,
803 3597 862 3655 τοῖς
881 3589 970 3646 αὐτοῦ
985 3591 1191 3661 συγγράμμασιν
1210 3591 1372 3658 surgeram,

338 3657 387 3712 ael
399 3661 489 3714 turim
501 3660 630 3728 καθάπερ
642 3660 747 3724 πλάκας
758 3659 827 3730 ἔχων
838 3659 1038 3724 αίκαταίύτονς.
1062 3661 1093 3713 ld
1104 3668 1159 3712 esta
1176 3661 1243 3729 qaod
1257 3661 1280 3711 α’
1294 3659 1372 3721 haec,

340 3731 403 3782 licet
414 3731 497 3782 matta
509 3738 535 3783 et
548 3734 674 3795 murima,
691 3749 742 3784 aon
752 3733 900 3798 aaasstca'aot5
917 3732 996 3799 ipsius
1016 3748 1112 3800 quoque
1128 3731 1256 3792 Thomas,
1276 3728 1373 3780 heti-ni

341 3798 470 3860 doctoris,
488 3800 532 3866 qui
548 3803 724 3870 syllogismum
742 3803 828 3870 magis
848 3818 924 3867 msam
944 3802 1029 3852 siresa
1046 3799 1179 3867 spirabat,
1196 3797 1374 3851 testimonium

342 3867 391 3918 tihi
407 3867 588 3920 exhibebimus:
605 3871 647 3921 cai
659 3877 688 3921 tu
701 3875 769 3922 certo
779 3887 926 3950 repasgrrore
940 3886 991 3919 noas
1005 3870 1093 3929 dobes,
1111 3884 1166 3918 cum
1182 3867 1289 3918 stillico
1303 3865 1372 3916 νοντ’-

252 3933 258 3946 ’
340 3935 577 4002 ptisda·lectera'a,et
590 3956 622 3990 eo
630 3955 680 4007 pro
693 3939 914 3991 isoiolohsla'husle
986 3937 1191 3988 totalishohcas.
1237 3931 1268 4000 4)
1286 3933 1373 3984 Baov.

343 4003 377 4054 ad
392 4019 450 4056 aaut.
469 4005 544 4061 1333.
560 4023 626 4059 num.
648 4010 671 4060 1.
695 4007 748 4059 Leo
762 4006 838 4058 Allat.
863 4007 903 4056 De
925 4005 1015 4056 '‘ccles.
1028 4003 1118 4058 Occid.
1134 4009 1162 4055 et
1175 4003 1277 4056 Orieat.
1310 4017 1371 4070 erp.

281 4069 283 4076 ‘
342 4089 411 4123 cona
431 4071 478 4123 cot.
501 4077 559 4129 800.
630 4077 660 4142 5)
684 4071 973 4128 emmanuelis
1001 4089 1030 4126 n.
1053 4091 1077 4124 c.
1094 4074 1136 4126 39.
1163 4069 1267 4124 Odoric.
1282 4019 1372 4138 llaya.

341 4139 375 4191 ad
397 4141 425 4194 t.
449 4141 481 4193 G.
512 4145 571 4199 133.
596 4161 663 4197 num.
685 4145 728 4200 18.
772 4142 887 4196 Videat
913 4141 1045 4212 epistolam
1069 4141 1198 4194 Barlaami
1222 4139 1255 4192 ad
1276 4138 1376 4191 Deme

340 4207 418 4262 triana
447 4209 716 4278 Thessalonicensem,
744 4227 811 4281 quae
838 4217 910 4266 extat
936 4210 1004 4282 apud
1024 4211 1105 4266 Bzov.
1141 4209 1175 4263 ad
1209 4225 1268 4262 aaa.
1293 4207 1375 4263 1333.

342 4295 409 4334 uum.
427 4293 464 4332 n.
