3098 4866
285 265 362 338 οικ
570 270 814 354 ,ωουνιεοευ
838 273 1076 346 onuoonau
1146 367 1149 376 ,

166 446 245 570 2⁵79}
288 435 365 505 ὥστε
383 437 494 502 πολλοί
509 461 589 513 τινες
609 435 728 525 ἐφασαν
743 434 815 504 τότε
819 487 831 521 ,
860 409 918 520 οἷς,
947 442 974 506 εί
985 439 1029 524 μὴ
1045 435 1175 518 τούτους
1192 441 1245 508 διδ
1259 444 1373 512 δειλίαν

189 589 222 636 ad
285 540 355 607 τινὰ
365 538 472 629 πρόσω
489 539 564 605 ἐέναι
574 537 719 606 κεκώλυκε
729 539 770 606 τὰ
785 547 841 608 τοῦ
855 543 1007 624 βασιλέως
1020 541 1253 630 προστάγματα,
1282 545 1372 613 ούδέν

170 653 242 709 6836
287 643 325 710 άν
339 635 378 728 ἦν
395 643 430 709 τὸ
445 641 561 709 κωλύον
577 642 650 720 ὅλας
665 645 697 708 ἐν
712 651 826 732 βραχεῖ
835 653 896 710 τῶν
907 641 1063 728 Ῥωμαίων
1081 643 1191 714 ὁπόσαι
1206 645 1307 726 πόλεις
1320 652 1373 714 καλ

120 723 382 848 1111έζέὶῗῗίῗῃ’χῶραι
394 743 530 832 διτῆρχον
544 746 688 834 καθαρὰς
702 751 853 830 πολεμίων
864 752 1057 833 παραδοῦναι
1071 755 1116 838 τῷ
1128 755 1257 832 βασιλεῖ.
1292 751 1371 818 illd

282 856 382 916 ταῦτα
400 851 457 932 μὲν
476 843 556 935 ἦσαν
573 847 773 936 φθεγγόμενοι
793 851 870 934 πρὸς
889 847 971 932 μόνα
991 851 1032 917 τὰ
1048 849 1186 939 παρόντα
1204 853 1392 937 βλέποντες5

282 952 443 1040 ἅνθρωποι
456 955 506 1018 καί
518 954 614 1036 μηδέν
629 959 691 1018 τῶν
703 951 863 1040 παρόντων
874 951 1042 1042 ὑπέρτερον
1052 956 1181 1032 ξυνιέναι
1195 954 1368 1040 δυνάμενοι.

253 1059 380 1143 λῖκρέσις
403 1055 462 1140 γὰρ
485 1053 526 1132 ὥς
539 1056 666 1139 άληθῶς
689 1049 727 1139 ἦν
748 1063 849 1122 ταῦτα
863 1063 940 1122 θεοῦ
957 1055 1052 1122 πάλαι
1074 1065 1264 1144 κυρωθεῖσα,
1292 1059 1371 1146 πρὸς
1406 1066 1409 1078 ”

280 1159 423 1243 ἐσχατιάς
440 1165 610 1242 καταβῆναι
627 1156 866 1242 δυστυχημάτων
883 1159 922 1224 τὰ
936 1155 1093 1243 Ῥωμαίων
1109 1159 1285 1248 πράγματα.
1319 1164 1372 1226 καί

281 1261 333 1328 διὰ
349 1268 440 1327 τοῦτο
465 1260 565 1347 λόγοις
586 1259 771 1350 ἀπορρήτοις
787 1269 844 1347 τῆς
860 1264 1006 1348 προνοίας
1019 1269 1081 1328 τῶν
1095 1265 1152 1346 μέν
1170 1261 1370 1350 ὠφελούντων

280 1371 408 1430 πλεῖστα
424 1361 549 1431 ἐδόκουν
562 1365 761 1448 reinuardo,
779 1373 840 1432 τῶν
856 1367 889 1430 δέ
896 1361 1096 1446 βλαπτόντων
1105 1363 1369 1452 πολύχουςῆσυν-
1378 1383 1414 1439 10

282 1467 391 1554 δρυμά.
420 1467 498 1534 ἀλλὰ
509 1475 600 1534 τούτο
614 1469 669 1550 μέν
682 1461 812 1554 τοῦργον
825 1467 890 1552 ἅμα
903 1462 954 1555 ἦρι
967 1474 1141 1534 τελευτῶντι
1153 1469 1268 1560 ῥηιδίως
1279 1491 1370 1536 κατε-

281 1569 447 1657 πράξαντο.
483 1570 553 1660 (A.)
568 1572 648 1636 Ἐπεὶ
660 1573 694 1636 δέ
704 1569 809 1658 πρόσω
824 1573 898 1636 ἰέναι
913 1567 1029 1655 διἀορύν
1042 1565 1369 1660 σφισινῆνπαραπομ-

280 1674 358 1748 ποδς
372 1673 427 1738 οὐκ
442 1674 569 1757 ἐχουσιν,
595 1675 629 1739 οῖ
637 1675 672 1739 τὸ
686 1673 836 1741 σκοτεινὸν
850 1677 900 1740 καί
914 1674 1036 1761 άτριβές
1049 1681 1104 1758 τῆς
1117 1671 1191 1739 ὁδοῦ
1209 1679 1370 1741 διαλευκα·

170 1779 201 1835 P·
218 1783 270 1840 1³6
282 1783 369 1842 νοῦσι
384 1779 435 1842 καί
449 1775 556 1843 εύοδον
570 1773 722 1862 θήσονται
736 1775 856 1854 τούτοις
871 1777 922 1866 (οὗ
936 1777 994 1864 γάρ
1009 1776 1080 1842 άνευ
1093 1779 1242 1844 πλείστων
1256 1785 1370 1866 νεκρῶν

281 1876 385 1966 ἐώρων
393 1881 593 1964 γενησομένην
604 1879 660 1963 τὴν
667 1875 826 1967 ὑπερόριον
836 1881 1029 1966 ἐκστρατείαν
1037 1885 1235 1965 βουληθεῖσιν
1247 1883 1368 1956 ἐκείνοις
1377 1901 1411 1958 15

281 1980 801 2069 ἄνευπαραπομπῶνιέπιέναι),τόδ
818 1982 951 2064 ἀμαθῶς
961 1980 1072 2048 οδτωσῖ
1080 1981 1231 2069 μεγάλους
1240 1981 1368 2072 ἀναρρί-

280 2111 364 2151 πτειν
377 2083 532 2162 κινδύνους
547 2085 624 2170 πρὸς
633 2083 878 2170 τούῬοντζερίου
891 2085 946 2150 ούκ
959 2079 1012 2170 ἦν,
1032 2086 1165 2162 πολλούς
1179 2085 1369 2163 ἇνατλάντος

280 2189 432 2270 πολέμους
445 2191 494 2254 καί
507 2189 623 2272 πολλὴν
640 2191 779 2254 ἐντεῦθεν
793 2186 998 2272 ξυνειλοχότος
1009 2187 1066 2272 τὴν
1078 2197 1202 2276 πεῖραν·
1218 2189 1368 2276 ἀναστρέ-

276 2309 393 2374 ψαντες
401 2289 587 2376 διελύθησαν
595 2292 673 2358 κατὰ
687 2293 781 2377 γένος,
795 2289 999 2374 Ῥωμαῖοιμέν
1011 2291 1113 2356 οἴκαδε
1127 2289 1368 2368 ‹intimemu-

275 2398 328 2460 νοέ
344 2421 376 2460 τε
392 2393 519 2480 ὁμοίως·
545 2399 681 2462 Λατῖνοι
703 2397 736 2460 δὲ
750 2401 794 2484 τῷ
811 2392 983 2482 Ῥοντζερίηι
1005 2391 1143 2476 ἑπόμενοι
1159 2397 1296 2482 Καίσαρι
1312 2413 1409 2469 rte-20

250 2496 404 2586 Βριῄεσαν
416 2499 471 2576 τὰς
488 2499 774 2581 ἐναπολελειμμένας
790 2509 854 2575 τοῖς
877 2497 998 2572 ἀθλίοις
1016 2494 1176 2580 Ῥωμαίοις
1194 2496 1295 2574 πόλεις
1315 2501 1368 2562 καί

275 2599 405 2667 κάκιστα
419 2605 590 2668 διετίθεσαν
602 2601 658 2685 τὴν
672 2603 819 2684 πολεμίαν
832 2598 929 2688 ὁρμὴν
944 2603 992 2665 ἐπὶ
1004 2600 1077 2676 τούς
1095 2602 1283 2676 καλέσαντας
1296 2601 1366 2687 τρέ-

275 2723 406 2789 ψαντες·
433 2702 588 2794 πρόφασιν
610 2705 762 2789 λέγοντες,
792 2702 838 2770 ὅτι
860 2703 916 2788 τὴν
933 2703 1017 2789 παρὰ
1037 2709 1093 2768 τοῦ
1109 2709 1269 2786 βασιλικοῦ
1286 2729 1365 2790 πρυ-

275 2812 394 2875 τανείου
419 2817 588 2894 ταχθεῖσαν
610 2808 741 2874 ἐπέτειον
761 2804 900 2892 δαπάνην
922 2805 977 2873 ούκ
1000 2807 1190 2888 ἐκομίζοντο,
1218 2809 1269 2872 καλ
1291 2803 1367 2872 είναι

274 2973 363 3026 lunata
377 2972 585 3042 percellerentur,
598 2970 720 3041 multique
732 2971 857 3034 dicerent,
875 2971 926 3024 nisi
938 2988 983 3024 eoa
988 2969 1128 3040 Imperator
1140 2968 1224 3041 aliquo
1236 2975 1305 3024 metu
1318 2967 1365 3024 de-

274 3043 381 3094 territo·
402 3042 502 3110 longius
520 3041 640 3110 progredi
659 3041 797 3104 vetuisset,
815 3041 878 3092 nihil
897 3041 978 3094 fuine
994 3039 1193 3109 prohibiturum,
1216 3057 1266 3110 quo
1283 3041 1365 3092 miuus

274 3110 348 3164 brevi
367 3127 453 3163 ornnes
467 3111 593 3163 Romanae
613 3116 641 3162 et
660 3110 737 3162 urbee
758 3118 785 3162 et
795 3109 939 3178 provinciae
961 3109 1077 3162 hortibus
1091 3125 1184 3161 vacuus
1197 3125 1229 3160 ac
1240 3115 1366 3178 purgatas

273 3179 427 3250 Imperatori
444 3178 618 3233 tradidissent.
653 3177 706 3230 Sed
724 3195 756 3232 ea
773 3179 939 3248 loquebantur
952 3179 1079 3240 hominen,
1096 3179 1140 3247 qui
1151 3177 1297 3246 praesentia
1307 3185 1367 3230 tun·

274 3255 328 3302 tum
340 3249 544 3313 considerabant,
559 3265 642 3318 neque
655 3248 788 3317 quiequam
803 3245 878 3300 altine
895 3248 977 3300 animo
991 3247 1124 3316 oornplecti
1137 3253 1264 3316 poterant.
1290 3245 1366 3298 Divi-

265 3329 333 3372 'nnnn
346 3318 412 3371 enirn
427 3317 647 3372 rereraindieiunr
657 3317 721 3369 illud
736 3325 801 3378 erat,
816 3317 964 3386 iampridem
976 3315 1163 3379 confirmatum,
1180 3323 1211 3367 ut
1226 3315 1366 3368 Romanum

273 3387 406 3456 imperinm
425 3387 545 3440 extremit
564 3386 750 3438 calamitatibus
767 3385 935 3454 affligeretur.
970 3387 1134 3454 Quapropter
1156 3384 1255 3436 ατοεοίε
1271 3384 1365 3438 Prori-

274 3455 378 3510 dentiae
397 3456 539 3509 rationibun
556 3455 679 3525 plurimae
698 3471 741 3506 reu
757 3455 831 3507 utilia
848 3455 954 3507 eoneilia
968 3454 1112 3524 impedire,
1128 3452 1223 3506 multae
1234 3459 1316 3507 eutm
1329 3453 1364 3508 ad

274 3524 422 3578 adiuvanda
440 3541 472 3577 ea
489 3541 556 3594 quoe
568 3524 644 3576 noxia
655 3531 740 3576 arunt
751 3540 903 3576 concurrere
914 3523 1074 3576 videbantur.
1110 3521 1163 3574 Sed
1174 3520 1250 3574 δελετο
1260 3522 1364 3591 quidem

273 3593 460 3662 expeditionem
478 3595 527 3647 sub
540 3592 614 3645 finem
627 3591 696 3644 veris
708 3593 785 3645 facile
794 3595 964 3647 oonleoeruut
997 3593 1072 3660 (lv.)
1088 3591 1152 3644 Cum
1164 3597 1250 3643 auteur
1261 3590 1364 3660 longino

273 3663 397 3746 progredi
419 3679 470 3716 uon
522 3669 609 3725 erent,
626 3668 766 3731 propterea
782 3663 851 3732 quod
868 3661 947 3714 nullon
961 3662 1089 3714 habebant
1099 3660 1234 3723 dueum,
1250 3660 1295 3730 qui
1306 3661 1364 3712 riae

272 3737 421 3852 enirn
438 3679 631 3870 „l
645 3748 1021 3853 n,
1119 3728 1364 3850 intrarit
1391 3775 1394 3784 ·

270 3867 357 3922 multia
376 3869 497 3922 caedibus
509 3868 600 3922 eontiei
614 3867 681 3921 haud
695 3815 789 3939 ροωέε,
804 3817 887 3940 αέηυο
897 3837 962 3922 ’vero
975 3869 999 3921 ia
1010 3876 1067 3922 erat
1080 3867 1225 3934 negentne,
1242 3835 1290 3934 qui
1298 3865 1364 3919 naul-

270 3936 306 3990 tir
324 3936 399 3990 bellio
417 3955 509 4008 magna
525 3937 660 4008 prudentia
680 3945 754 4010 partu
765 3954 881 4007 maguum
894 3937 1030 3991 dienirneu
1047 3937 1085 3990 eie
1095 3944 1191 3990 oeunere
1205 3933 1309 4002 adiret)
1323 3933 1365 3986 di·-

270 4004 342 4060 verti
359 4023 390 4060 ae
407 4007 527 4076 dissipati
546 4007 680 4072 abierunt3
697 4024 727 4061 ae
745 4008 852 4060 Romani
870 4007 970 4076 quidem
982 4007 1081 4060 domum
1092 4005 1191 4059 reversi
1204 4009 1272 4067 runt
1289 4003 1365 4056 item-

270 4091 321 4146 que
335 4075 424 4130 Alani:
441 4075 527 4128 Latini
547 4093 610 4130 vero
631 4093 687 4130 euru
700 4076 813 4146 lingerio
825 4076 939 4130 Οοεεοεο
955 4078 1032 4133 urben
1068 4093 1116 4128 oue
1130 4072 1229 4126 ruinario
1242 4071 1365 4125 Romi·

270 4144 385 4214 reliquae
404 4151 479 4199 erant
501 4147 636 4216 pervagati
651 4146 759 4216 peneiune
771 4147 932 4210 habuerunt,
949 4145 1036 4200 hostili
1053 4151 1149 4214 inpetu
1159 4143 1187 4194 in
1198 4157 1257 4205 eoa,
1274 4139 1364 4212 aqui-

270 4215 318 4267 bue
340 4215 459 4268 ereeariti
478 4215 595 4280 inerant,
613 4231 750 4280 οοιινοεεο,
768 4231 869 4269 ennean
887 4215 1039 4276 afferentu,
1058 4213 1128 4284 qood
1146 4211 1310 4264 camerorum
1329 4209 1364 4262 ab

269 4282 428 4356 Imperatore
446 4301 554 4341 annom
574 4285 727 4358 ru'pendiunr
738 4301 789 4340 non
799 4285 976 4359 tooepiareut,
992 4293 1024 4341 οο
1036 4282 1144 4356 proinde
1156 4278 1300 4335 neoerratio
1316 4293 1364 4334 an-
