2998 4872
273 319 376 368 miv
497 284 732 372 mc‘nrnonr
758 300 998 372 eaucouan
1022 301 1138 374 vire„

274 467 345 528 theo
358 462 383 544 ¹)
405 459 571 526 credimusa
594 461 645 524 sed
673 481 763 542 quam
784 459 907 522 deuoti
924 458 1047 522 cuilibet
1066 461 1181 524 multos
1200 483 1256 546 per
1275 484 1374 528 annos

274 551 422 634 patuisse,
442 557 473 609 et
489 568 595 629 magns
618 547 834 627 discipulorum
848 546 1030 626 frequentia²
1051 555 1117 610 tum
1130 567 1200 610 cum
1212 570 1261 612 rea
1281 561 1372 612 man-

275 637 387 720 quillae
404 643 511 712 essem,
531 633 663 714 quotidie
673 632 809 694 floruisse
820 643 934 692 certum
947 641 1001 692 est.

279 763 282 778 .
355 722 421 782 lllic
432 721 532 800 itaque
544 719 660 780 incluso
674 719 814 780 custodes
826 727 856 778 et
871 717 1077 798 exploratores
1090 717 1185 778 oddrtr
1198 741 1221 778 u
1234 719 1294 802 apsi
1304 739 1373 782 mo·

273 806 381 884 nachi,
403 825 530 886 qnorum
543 814 605 866 crat
619 805 795 886 iampridem
812 803 971 864 convictor
986 813 1016 864 et
1030 804 1265 883 contubernalis3
1287 826 1372 868 man·

272 895 436 972 datumque
446 890 515 967 illis,
531 891 679 952 neminem
685 900 722 950 ut
734 891 772 950 ad
783 909 850 952 enm
860 887 978 970 ingredi
990 887 1137 968 sinerent,
1159 899 1371 972 canerentque,

272 1000 312 1040 ne
328 979 390 1038 eius
401 976 518 1036 litterae
533 977 612 1036 foras
625 976 664 1036 ad
679 996 849 1056 quenquam
864 975 1079 1056 perferrentur.
1121 973 1162 1036 Hi
1175 995 1297 1038 munere
1310 977 1372 1038 im-

272 1064 371 1146 posito
386 1061 544 1140 diligenter
556 1070 645 1140 atque
660 1063 733 1122 adeo
745 1081 850 1143 parum
865 1059 1036 1124 humaniter
1047 1060 1145 1122 hmcti
1161 1071 1233 1122 sunt
1246 1057 1295 1142 ²);
1314 1061 1371 1122 im·

272 1168 416 1210 memores
425 1146 764 1228 quippebeneficiornm,
776 1147 884 1228 quibus
891 1146 1056 1208 innumeris
1068 1145 1169 1208 affecti
1176 1155 1261 1208 erant
1267 1149 1304 1206 ab
1310 1145 1371 1208 hoc

272 1243 373 1295 vetere
392 1231 512 1313 hospite
535 1241 566 1292 et
587 1233 680 1294 altero
701 1231 785 1312 qussi
803 1232 974 1294 monasterii
988 1231 1154 1294 conditore.
1196 1233 1264 1306 Qua
1285 1231 1322 1292 de
1335 1251 1372 1292 re

271 1320 369 1400 ipsum
389 1319 548 1397 Gregoram
571 1327 703 1398 praestat
719 1317 823 1380 audire
845 1317 1033 1380 acerbissime
1058 1327 1290 1398 conquerentem
1310 1316 1371 1378 lli·

271 1404 381 1466 storiae
398 1403 476 1463 libro
496 1423 573 1464 1111.
614 1403 696 1464 Haec
711 1423 779 1464 cum
792 1403 834 1462 ita
846 1425 878 1464 se
896 1403 1057 1480 haberent,
1081 1411 1180 1464 tamen
1192 1402 1286 1464 variis
1301 1421 1371 1462 mo-

272 1489 319 1549 dia
339 1497 453 1548 tentata
472 1488 555 1548 illiue
570 1489 746 1549 constantia.
788 1490 893 1550 Preces
915 1489 1052 1550 etminae
1069 1487 1191 1550 alternis
1207 1485 1370 1564 adhibitae,

273 1595 310 1634 so
329 1573 367 1632 de
388 1573 549 1632 concordia
569 1574 791 1634 reconcilianda
812 1573 937 1634 subinde
958 1583 1056 1634 sctum
1079 1593 1133 1652 per
1152 1573 1370 1636 internuncios.

274 1658 334 1720 Sed
352 1677 409 1717 nec
431 1658 516 1718 misai
530 1679 548 1715 a
569 1659 775 1718 Cantscnzeno
794 1668 960 1734 senatores,
982 1679 1038 1718 nec
1059 1657 1210 1738 epiceopi,
1234 1657 1327 1717 aliive
1352 1678 1371 1716 a

273 1741 445 1824 patriarcba
459 1751 591 1803 oratores
604 1743 747 1822 delegati,
767 1762 825 1804 nec
838 1763 977 1824 praesens
991 1743 1055 1824 ipse
1067 1741 1246 1824 patriarcba,
1265 1740 1371 1804 homi-

273 1848 343 1888 nem
363 1847 482 1888 movsrs
505 1837 688 1909 potuerunt,
708 1837 745 1888 ut
758 1829 847 1890 novis
861 1827 988 1890 decretis
1000 1827 1209 1905 subscriberet,
1232 1828 1371 1906 aquibus

274 1913 322 1972 illi
345 1933 436 1974 voces
454 1924 606 1994 suspectas
623 1923 653 1974 et
667 1913 811 1993 litigiosas
826 1913 957 1975 aniliter
969 1913 1240 1974 esse'alfirmsbsnt.

358 1999 464 2076 Magna
485 2009 549 2059 erat
570 2009 599 2059 et
618 2019 759 2079 perquam
782 2009 871 2060 vetus
886 2000 1049 2077 Gregoram
1068 1999 1146 2058 inter
1158 2007 1189 2058 ct
1204 1996 1371 2060 Cabaailsm

272 2082 417 2143 amicitiae
446 2083 674 2163 studiorumque
700 2084 887 2144 coniunctio:
916 2105 971 2163 par
996 2083 1151 2144 amborum
1170 2085 1258 2145 fama.
1308 2082 1372 2144 Sed

272 2170 432 2248 Gregoram
452 2190 540 2228 omne
557 2168 734 2230 eruditionis
746 2189 857 2248 genua,
882 2169 1046 2228 Cabaailam
1067 2189 1130 2228 non
1146 2179 1207 2228 tam
1220 2167 1370 2244 doctrina,
1489 2213 1490 2256 p

271 2273 359 2332 quam
383 2255 534 2332 ingenium
559 2255 707 2314 excellens
734 2265 765 2314 et
785 2253 930 2314 naturalis
952 2254 1097 2334 quasdam
1116 2253 1259 2316 fecundia
1277 2274 1371 2314 orna-

271 2339 323 2398 bot
339 2337 380 2414 ⁸).
421 2340 459 2398 Et
481 2337 561 2400 hunc
573 2339 680 2418 igitur,
703 2360 796 2420 quum
810 2338 933 2400 caeteris
950 2339 1116 2402 oratoribus
1129 2341 1206 2399 male
1219 2339 1369 2415 cessisset,

271 2423 310 2482 ad
324 2423 487 2502 Gregoram
508 2424 588 2484 mitti
603 2425 734 2506 placuit,
758 2443 915 2504 comesque
929 2425 954 2485 ei
971 2425 1058 2484 dotus
1071 2445 1149 2484 unus
1161 2446 1199 2484 ex
1216 2423 1370 2505 primariis

272 2507 387 2568 Callisti
407 2509 592 2588 patriarchae
609 2508 798 2570 administris.
840 2510 885 2569 Ab
896 2507 943 2568 his
957 2511 1076 2570 eaedem
1097 2531 1202 2570 rursus
1217 2509 1371 2590 quaestio-

271 2594 465 2672 nesagitstse.
480 2594 575 2673 Longi
590 2605 689 2656 autem
699 2593 842 2674 colloquii
850 2592 879 2673 ⁴)
888 2595 966 2654 idern
978 2595 1030 2675 qui
1040 2596 1177 2676 priorum
1185 2593 1370 2676 disputatio-

270 2698 345 2738 num
370 2679 485 2740 fructus
507 2679 616 2740 extitit.
657 2679 702 2740 Ac
728 2679 777 2738 illi
802 2679 939 2760 quidem,
960 2681 1067 2739 minati
1092 2691 1226 2742 extrema
1246 2679 1371 2760 (nempe

271 2763 333 2823 eius
355 2764 523 2840 orationes,
543 2763 576 2822 in
595 2767 773 2825 Sanctorum
797 2765 881 2826 sestis
900 2765 1020 2826 recitari
1047 2766 1166 2842 solitas,
1187 2765 1284 2844 ignem
1302 2784 1372 2824 esse
1488 2793 1489 2814 i

269 2847 455 2923 deleturum
477 2849 578 2930 ipsum
605 2871 676 2912 vero
694 2859 909 2932 postmortem
927 2861 1011 2912 extra
1026 2851 1115 2912 Urbis
1131 2849 1248 2910 moenia
1262 2847 1370 2930 proie-

270 2943 352 2992 ctum
364 2934 403 2994 iri
424 2955 460 2994 ac
477 2935 631 3014 sepultura
643 2933 829 3018 cariturum),
843 2957 981 2996 successu
995 2937 1152 3016 desperato
1163 2944 1365 2997 recesserunt.

269 3018 473 3162 Illumdautem
486 3019 590 3080 durim
605 3042 694 3102 quam
704 3029 791 3081 antea
805 3021 997 3082 circumsedit
1010 3021 1134 3101 vigilum
1148 3017 1371 3082 monachorum

269 3112 353 3164 custo
379 3125 414 3162 ie.

353 3188 394 3250 At
422 3209 569 3250 morosam
595 3187 800 3250 excubitorum
818 3189 1003 3270 vigilantiam
1027 3189 1112 3250 brevi
1130 3187 1238 3250 sesellit
1256 3187 1371 3250 veteris
1487 3205 1488 3208 ’

268 3271 425 3352 fidelisque
437 3275 524 3338 amici
538 3275 674 3350 solertia,
696 3275 824 3336 simodo
844 3295 915 3336 vera
930 3286 999 3336 eunt
1012 3294 1055 3350 ea,
1077 3294 1150 3354 quae
1165 3273 1310 3352 Gregoras
1326 3271 1370 3332 de

267 3357 489 3440 Agstbsngelo,
513 3359 674 3418 callistrati
694 3359 775 3436 filio,
795 3369 948 3424 memorat.
992 3359 1104 3442 Nempe
1128 3369 1256 3420 exeunte
1283 3378 1369 3416 anno

334 3629 386 3749 ddl
396 3695 580 3764 δυσχεραίνων
597 3692 697 3780 deensi
716 3697 764 3752 acti
779 3696 848 3766 nodo
863 3693 953 3768 odaria
968 3718 1020 3784 apa
1039 3692 1148 3766 συνήθη
1162 3697 1303 3764 καθέδραν
1314 3695 1369 3752 aoet
1486 3713 1487 3732 l

333 3760 533 3848 adoptationes,
548 3763 578 3852 {fi
587 3761 719 3852 *daugma
733 3763 782 3851 ‹is-oi
799 3785 875 3828 τινος
887 3779 1057 3854 nopngoene
1071 3767 1191 3853 &poldon
1207 3770 1317 3834 (uelem
1330 3785 1367 3850 ga

333 3835 441 3920 ‘im‘
459 3833 506 3959 ’“i
525 3853 594 3959 “3²⁰
604 3853 700 3960 05²⁰in
708 3875 715 3900 '
732 3837 885 3962 illim}
900 3837 1367 3962 td2tt⁹tdi²tttli²t⁶²⁹t⁹

333 3920 545 4062 32ξῇἒέαέἕέ
555 3923 683 4044 gdddddm
693 3923 943 4046 ἵζουεῆιῖοεὶσςης,
960 3973 1038 4032 καθὰ
1057 3973 1093 4044 δὴ
1110 3973 1158 4030 καὶ
1173 3925 1370 4046 o‘ooirhedhde

303 3557 333 3625 1)
352 3552 422 3612 ‘rue
440 3551 473 3612 dl
489 3556 540 3626 eric
559 3551 667 3614 ἐκεῖθεν
680 3555 898 3630 aooeyaaophrgo
909 3553 1036 3624 draptes
1053 3557 1152 3629 (φησὶν
1165 3553 1182 3614 d
1195 3553 1368 3628 φιλόσοφος)
1486 3571 1487 3576 ’

346 3621 354 3644 ’
386 3625 426 3680 oia
436 3623 488 3695 τήν
503 3625 613 3694 ψυχὴν,
631 3627 677 3682 sol
690 3629 837 3696 συγχυθεὶς
851 3627 916 3690 rode
930 3625 1077 3714 toyzppoie
1091 3627 1138 3683 aul
1153 3625 1205 3698 τὴν
1221 3623 1367 3686 διάνοιαν,
1486 3667 1487 3680 i

333 4039 433 4110 drusae
447 4041 493 4098 acl
507 4063 559 4106 τας
568 4041 698 4112 τριόδους
710 4043 827 4110 ludusa,
843 4043 1015 4116 παραψυχήν
1028 4064 1091 4100 esan
1108 4046 1230 4113 πορίζειν
1244 4049 1304 4108 τοῖς
1317 4047 1368 4098 lo·
1485 4035 1486 4086 Ῠ

329 4115 437 4180 γισμοῖς
453 4110 561 4169 ἐκεῖθεν
578 4111 753 4200 βουλόμενος.
787 4114 938 4170 Pbilotbens
958 4115 1056 4170 Autirn
1070 4113 1091 4166 Ι.
1123 4113 1224 4168 cair
1257 4111 1365 4196 :¹99⁶-

334 4182 378 4236 iol.
396 4181 421 4234 7.
489 4183 522 4250 2)
539 4183 621 4252 Greg.
638 4183 709 4240 hirst.
725 4185 771 4236 hb.
787 4200 854 4240 κιαι.
873 4203 897 4238 c.
913 4189 940 4242 2.
1007 4185 1040 4252 3)
1058 4185 1140 4254 Greg.
1157 4181 1229 4236 ilict,
1256 4183 1364 4234 ibaar.

333 4251 402 4372 cpi!
441 4325 453 4373 t
461 4251 651 4372 'ppliiregorss
669 4253 812 4324 disputsb'o
831 4271 886 4308 eom
907 4253 1030 4308 Cabasile
1048 4259 1122 4308 extat
1138 4253 1211 4308 Hist.
1234 4252 1279 4306 lib.
1294 4266 1365 4304 xxia.

333 4337 370 4374 xx
404 4337 440 4373 .e
510 4337 536 4373 v.
1121 4347 1125 4354 ·
