2998 4872
508 1031 908 1112 10.no1v1N1
1096 1149 1100 1158 ἦ

357 1206 561 1312 PR'A
603 1223 640 1312 E
686 1221 723 1310 F
765 1221 894 1312 AT
937 1219 960 1308 1
1004 1215 1060 1308 O.

602 1483 814 1503 ...n—uun

153 1647 284 1760 Annas
298 1697 351 1762 laic
362 1700 498 1764 decimus
511 1713 634 1784 qaaartas
651 1713 707 1782 est,
730 1725 767 1766 ex
784 1725 842 1784 qua
858 1703 982 1764 Carolus
996 1700 1176 1780 Ducangias,
1198 1697 1255 1760 Vir

153 1803 194 1864 de
206 1803 315 1865 litteris
329 1808 483 1886 praeclare
497 1808 630 1884 meritus,
652 1807 728 1868 mibi
740 1817 845 1868 auctor
861 1807 928 1884 fuit,
952 1816 988 1866 ut
998 1805 1162 1886 Nicephori
1178 1804 1255 1864 Gre-

153 1925 244 1985 gorao
261 1907 354 1967 libros
371 1928 425 1968 sex
441 1909 617 1988 historicos,
640 1911 693 1990 qui
707 1910 740 1970 in
753 1909 937 1970 Bibliotheca
952 1908 1040 1986 Regia
1055 1905 1255 1986 manuscripti

151 2019 300 2086 extarent,
308 2011 414 2071 Latine
426 2023 589 2089 verterem,
608 2021 640 2071 ut
651 2022 810 2092 postquam
820 2009 955 2070 absoluta
971 2019 1047 2070 esset
1060 2009 1151 2068 editio
1161 2007 1255 2067 Chro-

69 2175 72 2180 ,
149 2110 215 2170 uici
231 2111 395 2190 Paschalia,
418 2115 467 2174 cni
480 2117 531 2176 ille
545 2135 667 2176 menum
683 2125 844 2176 extremam
859 2113 1046 2194 imponebat,
1068 2113 1090 2170 ii
1103 2131 1158 2170 sex
1170 2107 1254 2183 libri,

151 2212 190 2272 ad
210 2233 259 2272 eos
275 2235 351 2292 quos
370 2217 493 2277 Wolfius
507 2217 689 2296 vulgaviaset
703 2217 847 2290 adiuncti,
868 2215 968 2293 Regiis
981 2215 1061 2294 typis
1077 2213 1254 2274 mandaren-

148 2323 210 2374 tur.
252 2317 342 2376 &am
359 2327 424 2378 tum
440 2339 494 2398 ego
510 2319 683 2398 colligendis
699 2319 815 2379 Libanii
828 2317 971 2399 Epistolia
984 2317 1132 2392 intentus,
1156 2325 1186 2375 et
1199 2317 1254 2375 La·

150 2417 229 2477 tinas
253 2419 313 2480 iam
334 2439 350 2480 e
367 2421 489 2482 Graecis
510 2423 639 2484 feceram
661 2443 722 2482 uon
736 2443 858 2502 paucas.
901 2420 985 2480 Senis
997 2419 1162 2480 doctissimi
1177 2441 1253 2479 con-

151 2519 220 2579 silio
241 2518 379 2582 iuvenem
401 2533 493 2584 meet
507 2524 657 2586 novitium
680 2545 785 2607 parere
800 2543 926 2604 aequam
941 2523 1009 2582 fait.
1052 2522 1181 2582 Tametsi
1194 2522 1254 2602 igis·

150 2631 205 2684 tur
223 2624 454 2686 anconitanam
475 2635 505 2686 et
520 2627 672 2707 elegantiis
693 2627 863 2688 Libanianis
875 2626 949 2686 mire
966 2625 1151 2703 delectabar,
1175 2635 1204 2684 et
1218 2623 1256 2684 ab
1348 2670 1353 2680 .

150 2725 190 2786 iis
214 2745 300 2806 aegre
322 2727 527 2807 discedebam,
548 2741 648 2790 tamen
666 2731 712 2792 illi
727 2751 793 2792 sum
809 2731 1006 2809 obsequntem,
1030 2725 1122 2807 idque
1137 2747 1172 2788 eo
1188 2747 1257 2786 ms-

151 2829 249 2906 xime‚
268 2813 354 2908 bned
373 2831 411 2890 ad
429 2830 527 2910 ipsias
541 2832 764 2894 adhortationes
777 2833 935 2894 accedebat
951 2833 1091 2892 voluntas
1108 2829 1257 2890 illustris-

153 2932 225 2990 simi
238 2931 360 2992 Abbatis
379 2934 512 2994 enom
532 2915 693 3014 Talaum,
717 2935 827 2998 eximie
840 2935 943 2995 indole
956 2932 1136 3014 praestantis
1153 2945 1183 2990 et
1201 2951 1257 2990 su-

152 3055 212 3116 pra
232 3043 356 3096 aetatem
379 3035 464 3096 docti
481 3036 694 3116 adolescentis,
717 3039 765 3100 cui
779 3047 867 3098 meet
880 3057 946 3098 mea
961 3037 1060 3096 omnia
1075 3034 1175 3095 studia
1196 3055 1256 3094 va-

150 3157 273 3214 veram,
292 3137 496 3200 bibliothecae
507 3140 615 3221 Regiae
627 3129 800 3217 Praefecto,
820 3149 911 3220 atque
931 3160 966 3200 eo
978 3159 1101 3200 manere
1116 3137 1177 3196 iam
1190 3147 1257 3198 tum

150 3261 216 3302 aeae
228 3240 355 3320 dignum
371 3243 521 3322 probanti.
561 3243 621 3305 Hic
641 3253 678 3306 ut
689 3243 822 3304 laborem
835 3242 1011 3323 impositum
1025 3241 1173 3300 alacriore
1186 3240 1256 3298 ani-

151 3363 203 3406 mo
217 3344 414 3426 susciperem,
436 3345 525 3408 etiem
539 3347 650 3422 Patria,
669 3345 736 3410 viri
752 3345 870 3422 smnmi,
892 3343 1104 3404 auctoritatem
1117 3343 1257 3421 interpo-

151 3446 229 3524 suit,
256 3466 322 3506 non
347 3447 419 3508 balli
447 3449 546 3510 saleim
565 3449 620 3509 sed
647 3457 678 3510 et
701 3449 894 3509 scientiarum
914 3446 1119 3529 bonarumque
1143 3443 1255 3506 artium

153 3569 260 3612 curans
285 3549 492 3611 demandatam
505 3573 523 3610 a
535 3552 615 3631 Rege
629 3560 704 3612 tanc
720 3549 905 3612 sustinentis.

235 3650 292 3718 Hit
314 3653 457 3732 auspiciis
479 3653 519 3714 ad
543 3653 638 3716 libros
657 3655 806 3733 Gregorae
830 3651 1076 3733 interpretandos
1102 3669 1256 3730 aggressus

151 3755 233 3815 laeta
255 3763 286 3814 et
305 3757 406 3816 lanata
429 3757 529 3816 omnia
546 3756 622 3818 mibi
639 3756 839 3840 spondebam:
860 3755 913 3816 sed
934 3773 983 3814 res
1001 3754 1070 3835 ipsa
1084 3753 1258 3834 opinionem

151 3873 252 3916 meam
270 3856 399 3918 multum
419 3853 536 3923 fefellit.
579 3858 698 3922 Etenim
712 3857 819 3940 paucis
837 3866 907 3940 post
922 3855 1025 3918 diebus
1046 3857 1122 3918 obiit
1136 3857 1182 3933 is,
1203 3855 1257 3936 qui

152 3953 231 4018 milri
254 3976 371 4019 aarum
398 3957 458 4022 iter
485 3961 621 4041 ingresso
639 3963 756 4043 praeire
776 3981 813 4022 ac
829 3958 1003 4044 praelucere
1024 3979 1107 4022 unua
1127 3957 1258 4020 maxime

152 4057 290 4121 omnium
309 4069 444 4140 poterat,
467 4063 601 4142 optimus
616 4072 647 4126 et
661 4063 878 4128 eruditissimus
890 4061 1073 4143 Duosngius.
1114 4060 1181 4123 Hac
1193 4061 1260 4138 By-

153 4161 295 4223 zantinaa
314 4157 456 4224 historin
477 4163 544 4226 lace
564 4163 716 4245 exuam,
737 4167 805 4230 viae
821 4165 973 4230 nonsatis
997 4183 1108 4245 marus
1126 4161 1260 4224 laborans

153 4285 191 4326 aa
209 4263 398 4346 diligentia
418 4267 551 4332 smaidio
571 4267 647 4333 aiibi
665 4269 855 4352 comparavit
875 4277 905 4333 et
918 4287 1022 4334 aarum
1034 4285 1087 4330 sex
1102 4265 1258 4340 umorum,
