3098 4866
137 378 142 386 ,
257 283 333 362 κιο
558 285 788 360 memnon
808 285 1044 356 ceramon

142 465 171 515 h.
186 463 220 514 hl.
263 455 319 542 τὴν
335 451 427 533 δόξαν
440 453 523 544 αύτῷ
529 502 540 536 ,
555 453 599 519 ‘in’
618 449 838 540 εόπαράδεκτος
854 453 904 515 καὶ
919 447 935 516 δ
950 445 1060 515 τούτου
1073 446 1150 533 πρὸς
1164 446 1274 510 ἐκεῖνον
1287 445 1342 510 dn·

150 533 218 650 ⁶le
264 560 330 642 ιιοέη
350 555 458 634 πόθος.
499 553 651 634 δεξιώσεσι
666 555 698 620 δ’
720 547 774 622 οὖν
794 552 877 636 ὅμως
899 555 948 618 καλ
963 550 1061 637 λύγοις
1075 555 1202 622 πειθοῦς
1218 544 1235 612 ὁ
1250 555 1342 628 βασι-

156 669 226 724 6836
265 662 333 738 λεύς
347 659 426 726 έστιν
442 657 496 735 οὓς
504 667 566 726 τῶν
580 684 612 724 τε
626 657 785 746 ἀρχιερέων
798 658 848 721 καὶ
862 653 1055 738 μοναζόντων
1067 649 1235 738 περιελθὼν
1247 653 1343 723 ἰδίους

102 739 310 860 ᾞὲὲξῖτῷ
326 761 436 829 ἑαυτοῦ
451 745 616 846 έπεποιῆκει
628 757 821 844 βουλήματι·
845 758 924 842 μεθ’
941 749 983 823 ὧν
996 759 1069 842 πεζῇ
1080 757 1131 820 καλ
1141 750 1243 836 βάδην
1258 753 1344 818 diner-

237 874 296 933 θαι
309 866 394 952 παρὰ
407 864 462 949 τὴν
473 872 528 930 τοῦ
540 865 725 930 Ἀθαννσέου
739 862 916 946 καταγωγὴν
929 861 984 944 τὴν
998 861 1064 945 περὶ
1079 853 1323 942 τδνΞηρόλοφον
1332 865 1365 920 ’5

265 971 317 1036 καὶ
330 963 477 1052 ὁμιλήσας
492 966 574 1056 αύτῷ
590 965 631 1031 τὰ
642 963 742 1030 ελκότοι
756 966 823 1052 περὶ
840 970 895 1030 τοῦ
912 959 1030 1050 θρόνου
1045 960 1139 1026 ἔπεισε
1153 961 1204 1024 καλ
1224 959 1264 1024 τδ
1284 985 1345 1022 πο-

264 1070 424 1158 τρεαρχικά
437 1071 622 1158 περιθέσθαι
635 1065 785 1152 σύμβολα.
822 1067 901 1149 μηδὲ
919 1066 977 1152 γὰρ
997 1067 1118 1130 δεῖσθαι
1133 1059 1228 1149 φάναι
1246 1087 1347 1148 χειρο-

265 1175 375 1248 θεσέας
388 1169 510 1258 ἑτέρας,
538 1173 588 1237 καὶ
606 1169 673 1236 ὅσοι
686 1172 753 1256 περὶ
770 1168 866 1253 αὐτὴν
883 1166 985 1254 κρότοι
1002 1170 1051 1232 καλ
1071 1166 1234 1250 θρίαμβοι,
1252 1163 1349 1230 πάλαι

266 1273 382 1360 ταύτην
397 1271 542 1362 εἰληφότα
549 1276 693 1360 βεβαίως,
709 1276 734 1338 εἰ
749 1273 799 1337 καὶ
814 1269 912 1354 λύπης
927 1272 1010 1336 ἕνεκα
1025 1269 1138 1352 μεταξύ
1152 1265 1268 1352 ταύτην
1280 1267 1348 1332 ἴδο-

268 1381 317 1457 ξεν
331 1377 519 1444 ἀποθέσθαι.
545 1373 663 1443 τούτων
679 1373 760 1442 οὕτω
772 1376 936 1459 γενομένων
952 1373 1061 1438 άνεισιν
1074 1369 1237 1454 ἑβδομαῖος
1252 1372 1282 1447 ές
1295 1371 1349 1436 τὸν
1358 1385 1394 1438 10

155 1490 187 1544 Ρ.
203 1489 254 1547 132
269 1481 486 1567 πατριαρχιιιδν
502 1477 688 1554 Ἀθανάσιος
709 1475 832 1565 θρόνον.
893 1473 962 1566 (Δ.)
988 1475 1095 1558 Ἔτυχε
1127 1475 1161 1538 δὲ
1184 1479 1352 1558 τηνικαῦτα

271 1585 425 1667 δπιδημῶν
447 1587 485 1672 τῇ
505 1578 709 1668 βασιλευούσῃ
730 1582 781 1646 καὶ
798 1585 854 1664 τῆς
870 1579 941 1644 κατ’
959 1578 1118 1663 Αἴγυπτον
1128 1577 1351 1662 Ἀλεξανδρείας

272 1681 289 1750 δ
308 1681 513 1772 πατριάρχης,
540 1685 649 1766 σεμνὸς
674 1683 751 1769 ἀνὴρ
776 1685 826 1748 καὶ
841 1681 955 1748 συνέσει
975 1685 1126 1766 λογισμῶν
1148 1680 1188 1744 τά
1208 1679 1273 1763 ἤθη
1298 1704 1351 1743 κο-

272 1792 375 1869 σμῶν·
403 1783 444 1862 ὡς
459 1787 599 1852 ἐντεῦθεν
612 1784 727 1868 πολλὴν
742 1784 798 1867 τὴν
813 1787 890 1850 αἰδῶ
906 1786 956 1848 καλ
970 1784 1120 1866 εὐμένειαν
1136 1783 1213 1868 πρὸς
1226 1789 1281 1846 τοῦ
1291 1789 1352 1864 βα-

272 1886 377 1962 σιλέως
389 1889 576 1974 πορέζεσθαι.
619 1879 708 1962 οὗτος
730 1883 809 1972 δρῶν
828 1887 884 1969 τὴν
905 1892 959 1952 τοῦ
977 1885 1126 1968 βασιλέως
1146 1888 1213 1968 περὶ
1225 1884 1279 1950 τόν
1292 1911 1352 1948 πο-
1361 1895 1396 1950 15

272 1987 614 2080 τριάρχηνἈβανάσιον
633 1991 877 2077 φλεγμαίνουσαν
899 1989 999 2072 σχέσιν
1020 1990 1070 2052 καλ
1091 1985 1210 2053 ἀκούων
1234 1987 1279 2052 ἀεὶ
1303 1986 1354 2051 διά

273 2088 439 2174 θαύματος
451 2090 588 2179 μεγάλων
606 2093 734 2158 έπαόνοιν
747 2089 783 2156 τὸ
798 2091 908 2156 έκεένου
926 2090 1084 2174 τιθέμενον
1100 2087 1197 2171 ὄνομα
1217 2092 1267 2154 καλ
1288 2089 1355 2154 ἴσον

249 2196 323 2284 Βτῷ
335 2191 486 2285 θειοτάτῳ
500 2194 555 2278 τὴν
567 2193 676 2282 άρετὴν
684 2189 900 2282 Χρυσοστόμηι
913 2193 1094 2278 προθέσεσιν
1107 2190 1191 2268 ὅλαις
1208 2199 1265 2274 τῆς
1278 2189 1355 2276 γνιό-

274 2321 336 2380 μης
349 2305 459 2364 τοῦτον
475 2293 725 2384 ἀποφαινόμενον,
738 2293 824 2379 μάλα
840 2321 887 2360 τοι
897 2295 1060 2382 χαριέντως
1072 2301 1127 2378 τῆς
1140 2301 1195 2360 τοῦ
1207 2295 1356 2377 βασιλέως

276 2397 445 2484 καθήψατο
461 2396 596 2486 γλώττης
618 2401 685 2482 καλ,
713 2394 778 2464 οἷον
801 2401 909 2480 alneio,
936 2403 991 2481 τῆς
1010 2399 1041 2462 έν
1061 2397 1097 2464 ού
1117 2405 1212 2485 καιρῷ
1235 2403 1398 2484 pelori-2⁰

276 2501 349 2584 μλας
365 2501 479 2570 οὖτωσέ
490 2527 554 2578 πως
567 2498 674 2568 ελπιύν·
701 2493 764 2584 υἦν
776 2525 822 2576 τις
833 2500 909 2586 ἀνὴρ
922 2499 978 2583 τὴν
989 2495 1099 2582 Ιτέχνην
1118 2499 1241 2575 σκυτεύς
1260 2505 1356 2584 γαλῆν

277 2603 354 2689 ἔχων
367 2605 403 2671 τὸ
415 2611 526 2692 χρῶμα
540 2603 657 2686 λευκὴν,
675 2599 767 2686 ἣτῶν
782 2601 846 2668 κατ’
861 2599 944 2667 ολκον
958 2608 1045 2684 μυῶν
1057 2601 1128 2666 καθ’
1148 2598 1262 2686 ἡμέραν
1279 2599 1355 2684 έθη-

279 2733 364 2795 ρευεν
377 2707 439 2778 ένο.
473 2704 550 2790 αὕτη
566 2702 708 2773 λαθοῦσά
729 2729 801 2772 ποτε
818 2703 897 2770 κατὰ
915 2704 1011 2792 μέσην
1033 2705 1220 2790 κρημνέζετοι
1237 2705 1291 2787 τὴν
1307 2709 1356 2768 λε-

346 2889 373 2944 8.
395 2883 447 2940 Pro
464 2882 551 2938 verbis
567 2881 614 2940 κνλ
632 2877 695 2940 drot
705 2911 740 2924 ·-
753 2880 861 2950 θρόνον
877 2884 906 2936 Α.
923 2883 1015 2946 habet,
1032 2879 1177 2967 ἰιηπολλοῦ
1188 2881 1356 2951 κεκτημένον.

298 2983 300 2988 ’
344 2953 394 3012 oet
410 2949 499 3016 οὕτως
513 2953 553 3016 εἰς
572 2951 623 3007 τόν
641 2950 837 3022 πατριυργικδν
849 2945 1013 3015 Ἆθανάοιος
1031 2955 1116 3014 codic
1132 2947 1276 3024 διαβαίνει
1289 2953 1357 3022 θρό-

347 3043 407 3080 νον.
476 3023 519 3082 tt.
542 3019 634 3078 Totam
642 3021 709 3077 hauc
722 3021 860 3077 sectionem
876 3037 924 3077 cm.
939 3023 971 3077 l.
1006 3020 1066 3076 Vid.
1084 3021 1177 3078 Notas.

278 3173 320 3229 sul
338 3171 459 3228 desiderii
473 3171 629 3244 prohabilem
648 3173 743 3230 hahere
757 3191 858 3229 causam
870 3173 1010 3229 videretur.
1044 3173 1097 3227 Sed
1110 3177 1193 3228 tanmn
1204 3173 1359 3228 blandimen-

278 3245 314 3296 tis
330 3251 358 3298 et
379 3243 467 3296 verbis
480 3243 514 3294 ad
530 3244 730 3325 persuadendum
740 3243 940 3297 accommodatis
956 3245 1096 3312 Imperator
1111 3243 1231 3312 quosdam
1249 3243 1360 3312 eponti-

279 3311 371 3366 ficihus
391 3319 418 3365 et
429 3313 556 3364 monachis
567 3313 749 3366 circumventos
761 3313 788 3364 iu
798 3329 856 3366 anas
889 3318 958 3364 artes
976 3311 1095 3382 pellexit,
1111 3327 1166 3364 cum
1179 3313 1269 3381 quibus
1282 3311 1362 3381 pedes

280 3381 315 3434 ad
334 3379 466 3435 Athanasii
484 3379 572 3432 cellam
589 3381 658 3434 circs
669 3381 838 3449 Xerolophum
856 3331 933 3438 ellim
952 3387 979 3432 et
997 3381 1064 3448 apud
1084 3379 1152 3433 illum
1171 3399 1236 3464 quae
1253 3380 1363 3434 dicenda

281 3456 357 3502 erant
368 3450 401 3501 de
414 3447 586 3519 patriarchatu
599 3449 698 3502 locutus
716 3449 857 3519 persuasit,
872 3457 901 3500 ut
912 3449 980 3502 illius
999 3447 1130 3518 diguitatis
1143 3449 1252 3517 insignia
1262 3451 1361 3518 recipe-

281 3523 332 3570 ret.
366 3518 459 3586 Neque
478 3517 543 3568 enim
557 3516 607 3570 aha
624 3533 740 3570 manuum
750 3517 919 3598 impositione,
935 3518 1057 3586 plausuve
1069 3524 1095 3568 et
1115 3517 1247 3586 triumphis
1259 3519 1292 3572 ed
1306 3535 1362 3571 eam

280 3585 476 3656 pertinmtibus,
491 3601 554 3653 opus
566 3601 631 3649 ease,
649 3601 705 3636 cum
716 3603 748 3637 aa
761 3585 797 3637 ilh
811 3585 959 3654 iampridem
972 3585 1070 3637 abunde
1078 3586 1235 3654 contigisset,
1248 3585 1362 3656 quamvis

281 3652 384 3705 interim
397 3669 450 3704 eam
461 3669 492 3702 ex
503 3669 617 3705 moerore
626 3653 796 3721 repudiasset.
830 3655 878 3706 llis
892 3653 928 3706 ita
940 3655 1021 3722 gestis
1034 3653 1141 3724 septimo
1153 3655 1195 3708 die
1210 3655 1362 3708 Athanasius

281 3719 310 3772 in
322 3720 518 3787 patriarchicum
531 3721 620 3773 solium
632 3721 708 3773 redit.
742 3721 817 3788 (lu)
834 3723 900 3774 Tum
915 3733 998 3774 autem
1012 3721 1079 3775 forte
1091 3725 1118 3774 iu
1125 3725 1198 3776 Urbe
1211 3725 1362 3777 versabatur

281 3787 457 3856 Aegyptiacae
471 3789 643 3842 Alexandriae
658 3788 817 3858 patriarcha,
834 3791 874 3842 vir
891 3790 992 3858 gravis,
1008 3791 1080 3844 cauus
1094 3807 1174 3844 mores
1190 3791 1293 3845 solertia
1306 3792 1314 3843 i
1333 3809 1362 3844 sn

280 3856 291 3908 i
328 3855 378 3906 enii
393 3857 517 3907 ornabat:
552 3874 598 3910 uns
618 3857 650 3908 ob
668 3875 709 3912 rea
721 3875 776 3910 eum
789 3859 929 3927 Imperator
942 3858 1076 3928 plurimum
1088 3861 1254 3914 reverebatur
1267 3867 1295 3913 et
1323 3859 1364 3912 ili·

282 3937 317 3992 ge
349 3927 368 3974 t
401 3923 496 3976 Iseum
507 3875 686 3978 inflammatum
703 3927 866 3995 Imperatoris
877 3928 987 3978 atudium
1002 3945 1065 3996 erga
1078 3929 1240 3982 Athanasium
1252 3929 1363 3991 videret,

282 3991 437 4060 audiretque
452 4009 508 4045 sum
523 3993 591 4046 illius
603 4011 692 4046 nomen
703 3995 802 4062 magnis
814 3995 930 4050 laudibus
942 3995 1131 4050 admiraculum
1143 4015 1222 4066 usque
1241 3999 1364 4050 extollen-

281 4063 343 4124 tem,
358 4058 422 4113 adeo
433 4069 463 4112 ut
475 4079 531 4114 curu
537 4067 591 4114 toto
606 4063 680 4115 animi
694 4063 790 4116 affectu
804 4063 863 4116 divo
877 4064 1056 4134 Chrysoatomo
1070 4066 1257 4136 aequipararet,
1274 4065 1366 4118 festive

282 4127 416 4182 admodum
433 4131 671 4200 magniloquentiam
692 4139 720 4184 ct
733 4128 936 4202 intempestivum
957 4133 1011 4186 eina
1026 4133 1133 4188 stadium
1148 4135 1246 4186 taxavit
1257 4135 1297 4186 his
1310 4135 1366 4186 lere

284 4197 384 4251 verbis:
400 4197 526 4263 „llrat,”
546 4199 643 4266 inquit,
660 4207 750 4264 ‚mator
769 4202 887 4270 quidem,
906 4201 950 4271 qui
963 4201 1037 4255 felem
1053 4201 1133 4254 elbam
1147 4203 1273 4264 hahebat,
1289 4219 1365 4255 unum

283 4266 398 4336 quotidie
415 4283 509 4324 murem
528 4267 595 4323 domi
611 4285 704 4342 capere
721 4268 831 4338 colitans
849 4287 914 4340 quse
925 4269 1062 4342 aliquando
1076 4271 1327 4342 perimprudeutiam
1339 4273 1366 4325 in
