2998 4872
239 233 318 284 ων
470 215 707 290 NICEPHORI
727 213 972 286 GREGORAE
993 213 1110 282 VITA.

238 390 349 443 temtos
362 399 471 440 nomen
484 377 635 438 Theodori
647 373 834 452 Metochitae,
848 393 943 456 nuper
956 373 992 434 ab
1009 373 1100 433 exilio
1110 370 1261 448 revocati3
1275 387 1336 430 nee

239 469 338 530 minor
351 467 511 545 Gregoram
527 463 702 524 eruditionis
722 463 800 521 fama
816 459 1049 530 commendabat.
1090 457 1143 517 His
1161 457 1336 517 Barlaamus

240 553 454 628 obtrectando,
477 570 508 608 sc
524 549 622 630 ipsum
636 547 792 608 venditare
811 555 844 605 et
856 545 956 604 fucum
970 542 1117 624 imperitis
1132 544 1230 602 facere
1241 541 1337 600 insti·

239 639 316 698 tuit:
339 633 374 695 ad
390 635 568 709 nonnullos,
591 653 709 693 morum
730 631 921 690 similitudine
938 629 1129 703 conciliatos,
1151 628 1190 688 ad
1205 647 1236 686 se
1256 627 1337 686 alle-

240 725 302 800 xit3
324 741 393 781 cum
411 721 519 800 quibus
537 719 590 780 diu
604 739 669 799 spes
685 737 776 777 vanas
792 715 874 778 aluit.
914 716 1055 790 Demum,
1076 713 1146 793 quia
1165 712 1247 773 haud
1262 731 1340 772 suc-

241 808 380 884 cedebat,
402 815 432 864 et
444 803 595 864 hominem
607 803 794 862 ambitiosum
809 799 971 882 Nicephori
989 801 1134 878 Gregorae
1155 797 1233 856 fama
1257 817 1339 856 ure-

241 893 308 967 bat,
330 888 514 965 ideonum,
544 888 734 949 suadentibus
756 886 927 962 nonnullis,
950 893 1050 966 aperte
1074 885 1219 943 lacessere
1248 879 1341 942 etad

242 977 424 1036 dialecticam
455 993 585 1056 pugnam
610 991 775 1056 provocare
802 991 889 1030 ausus
916 980 969 1030 est.
1029 970 1174 1048 Gregoras
1203 967 1340 1048 propriis

242 1061 376 1122 cladibus
406 1079 441 1118 ac
469 1059 591 1140 insuper
614 1059 700 1118 amici
723 1057 901 1117 Metochitae
922 1055 1027 1116 morbo
1053 1053 1228 1134 grauissimo
1253 1051 1342 1111 affli-

241 1155 308 1206 ctus
330 1154 478 1204 certamen
499 1145 586 1204 initio
609 1141 798 1204 detrectabat.
838 1141 952 1202 Deinde
974 1139 1077 1200 amicis
1100 1138 1283 1217 rogantibus,
1304 1146 1343 1197 et

239 1241 277 1290 ut
296 1250 379 1290 suam
392 1249 571 1309 suorumque
581 1227 774 1310 popularium
787 1226 911 1306 gloriam
921 1235 1057 1287 tueretur
1064 1224 1265 1300 hortantibus,
1283 1221 1343 1282 iu·

240 1315 328 1376 bente
341 1315 429 1374 etiam
443 1325 473 1374 et
486 1315 575 1374 mirsia
590 1322 714 1392 urgente
728 1311 828 1372 nescio
843 1333 901 1392 quo
912 1309 939 1394 ¹)
957 1330 1077 1390 magnae
1089 1309 1274 1370 auctoritatis
1288 1307 1342 1366 vi-

239 1421 293 1478 ro,
316 1401 347 1457 in
361 1419 479 1458 arenam
497 1419 581 1478 aegre
604 1398 772 1474 descendit,
793 1397 830 1455 de
853 1397 1029 1456 eruditionis
1050 1397 1151 1476 palma
1173 1415 1240 1454 cum
1259 1393 1342 1452 Italo

242 1480 455 1549 decantarus.
491 1484 527 1542 ln
539 1505 572 1543 ea
585 1483 786 1563 disputatione
802 1483 1016 1558 adversarium,
1034 1481 1129 1562 quise
1144 1481 1243 1539 omnia
1256 1478 1342 1538 scire

241 1567 386 1648 gloriatus
405 1569 520 1643 fuerat,
539 1588 580 1631 veo
602 1567 731 1644 redegit,
763 1575 799 1626 ut
828 1587 858 1626 ae
880 1567 1092 1644 astronomiae,
1119 1563 1342 1644 grammaticae,

241 1653 407 1716 rhetoricae
425 1663 455 1712 et
476 1653 610 1732 poeticae
629 1653 716 1732 plane
739 1652 846 1712 rudem
860 1672 922 1712 esse
938 1654 1098 1712 fateretur:
1120 1651 1212 1710 immo
1225 1670 1281 1710 nec
1295 1647 1344 1707 li-

242 1739 313 1798 bros
329 1739 497 1798 Aristotelis
516 1739 590 1796 alios
614 1757 718 1813 nosse,
740 1737 797 1796 nisi
823 1738 873 1815 qui
896 1737 933 1797 de
950 1737 1038 1798 rebus
1053 1736 1186 1818 physicis
1209 1743 1345 1814 agerent,

244 1834 295 1882 aut
308 1824 345 1882 ad
359 1821 542 1882 dialecticam
554 1823 746 1902 pertinerent.
789 1823 941 1882 Praeterea
958 1822 1085 1902 logicam
1098 1829 1127 1880 et
1139 1821 1345 1901 syllogismos,

201 1907 202 1910 ’
243 1908 352 1989 quibus
366 1907 435 1966 Itali
449 1909 536 1966 unice
549 1909 719 1986 gauderent,
741 1907 972 1967 conscientiam
989 1907 1040 1966 sed
1061 1907 1200 1967 scientiae
1218 1907 1346 1964 instru-

241 2003 385 2068 mentum,
408 1991 539 2072 adeoque
550 1993 673 2052 humilis
685 1993 798 2072 ingenii
813 2004 1020 2052 ornamentum
1034 2012 1095 2052 esse
1109 1993 1224 2052 docuit.
1267 1989 1347 2049 Ari-

241 2079 377 2138 stotelem
393 2098 463 2138 vero
472 2123 480 2154 ,
504 2099 591 2156 quem
604 2077 776 2138 Barlaamus
793 2097 848 2157 per
865 2080 964 2138 omnia
975 2076 1031 2137 sibi
1047 2087 1182 2139 constare
1205 2073 1345 2136 affirma-

241 2172 304 2238 ret,
326 2183 389 2222 non
406 2163 605 2242 semetipsum
623 2183 723 2222 secum
745 2167 921 2244 pugnavisse
942 2163 1082 2224 ostendit.
1125 2162 1254 2222 Cedente
1267 2163 1347 2222 Bar·

241 2247 351 2324 laamo,
375 2247 450 2306 alter
463 2245 491 2326 ²)
518 2247 629 2308 athleta
653 2249 785 2308 surrexit
812 2259 842 2308 et
867 2271 924 2330 pro
944 2249 1104 2308 Aristotele
1124 2245 1347 2328 propugnavit3

242 2332 295 2392 sed
311 2333 422 2392 frustra
436 2333 500 2412 ipse
515 2354 644 2414 quoque.
689 2334 835 2411 Gregoras
857 2329 992 2418 metant)
1012 2334 1198 2408 declaratus,
1219 2331 1347 2392 Princi-

242 2437 314 2498 pum
326 2417 532 2478 benevolentia
544 2439 578 2478 eo
595 2421 699 2480 merito
715 2419 841 2478 collecta
850 2465 859 2496 ,
880 2421 913 2478 in
927 2419 1087 2500 pristinum
1106 2418 1217 2496 gratiae
1236 2427 1265 2476 et
1280 2415 1346 2476 ho-

242 2501 326 2562 noris
348 2503 448 2560 locum
469 2504 626 2562 restitutus
651 2513 704 2564 est.
746 2503 934 2580 Barlaamus,
963 2505 1109 2563 maculam
1132 2503 1189 2562 sibi
1208 2503 1346 2562 inustam

243 2587 344 2655 delere
360 2587 477 2666 saepius
501 2597 640 2660 conatus,
662 2598 819 2670 postquam
842 2591 974 2649 omnium
997 2587 1211 2668 Byzantiorum
1230 2589 1344 2648 volun-

242 2681 318 2731 tates
331 2693 348 2729 a
362 2691 393 2730 se
410 2692 527 2731 aversas
539 2673 613 2732 etin
628 2675 788 2752 Gregoram
801 2695 966 2756 propensas
984 2673 1203 2752 animadvertit,
1224 2674 1345 2754 recepit

242 2775 274 2816 se
289 2755 326 2827 ed
341 2755 624 2817 Thessalonicenses.

325 2841 371 2900 Ita
384 2843 528 2920 Gregoras
546 2843 585 2901 ad
597 2844 728 2924 primum
743 2844 822 2903 vitae
836 2843 1026 2922 institutum,
1047 2844 1107 2904 hoc
1121 2851 1166 2903 est
1183 2843 1221 2904 ad
1234 2841 1344 2925 publi-

243 2945 309 2986 cam
332 2927 458 2986 docendi
482 2929 696 3006 professionem
717 2929 814 2992 rediit.
857 2929 901 2989 Eo
923 2941 1019 2992 autem
1045 2950 1168 2990 ruunere
1192 2929 1343 3010 plurimos

243 3009 377 3069 omnium
391 3011 538 3090 gentium,
560 3013 716 3090 ordinum,
740 3013 963 3094 conditionum,
985 3015 1120 3076 homines
1135 3015 1295 3076 obstrictos
1310 3023 1345 3074 et

243 3095 327 3173 quasi
341 3097 524 3176 mancipatos
537 3096 656 3176 habuit,
679 3109 715 3158 ut
728 3107 757 3158 et
769 3110 907 3179 parentes
922 3111 951 3161 et
963 3101 1067 3178 liberi,
1089 3111 1120 3160 et
1132 3109 1213 3160 totae
1226 3100 1343 3160 civium

241 3181 388 3257 familiae,
414 3182 558 3242 maxinsas
582 3184 609 3242 ei
631 3185 741 3264 gratias
760 3183 923 3262 haberent,
944 3185 1028 3245 velut
1055 3185 1135 3266 patri
1156 3195 1186 3246 et
1207 3185 1246 3245 ad
1267 3185 1343 3267 pul-

242 3263 387 3326 cherrima
399 3286 531 3346 quaeque
543 3269 699 3346 praeeunti
714 3269 879 3328 studiorum
897 3269 1085 3331 moderatori.
1126 3271 1214 3330 Unda
1231 3279 1262 3330 et
1274 3290 1342 3330 no-

241 3369 310 3408 men
326 3351 381 3409 sibi
396 3350 482 3427 lecit,
504 3360 567 3410 toto
580 3354 641 3412 fere
657 3353 727 3411 orbe
742 3361 848 3413 notum
866 3375 901 3413 ac
914 3355 1112 3432 celebratum,
1134 3367 1165 3416 et
1177 3377 1232 3436 per
1248 3365 1340 3414 antc-

241 3435 405 3493 nomasiam
426 3434 625 3515 Philosophus
641 3435 670 3514 ⁴)
691 3437 781 3514 vulgo
803 3440 902 3498 dictus
918 3450 978 3514 est,
1002 3451 1037 3500 ut
1061 3441 1153 3500 hodie
1175 3441 1208 3500 in
1228 3440 1340 3500 scholis

242 3517 423 3580 Aristoteles.
465 3521 566 3600 Neque
578 3541 649 3584 vero
664 3521 810 3584 imberbes
824 3523 920 3585 solum
936 3525 1138 3587 adolescentes
1152 3525 1186 3587 in
1202 3525 1264 3586 eius
1280 3525 1340 3585 do·

277 3701 308 3773 t)
334 3705 467 3788 Gregoras
492 3707 520 3759 in
537 3705 639 3778 dialogo
658 3709 823 3762 Demaratum
846 3725 902 3764 euin
923 3715 1016 3775 vocat,
1039 3709 1100 3764 ficto
1121 3709 1227 3764 nomine.
1270 3709 1339 3765 For-

309 3775 423 3856 tassean·
437 3775 488 3858 filit
505 3777 708 3834 cmmcaaanaa.
783 3781 815 3847 2)
835 3779 866 3832 In
886 3779 988 3848 dialogo
1002 3788 1110 3834 vocatur
1126 3779 1149 3832 is
1167 3781 1339 3846 linteamen,

308 3839 439 3896 Nausiclrs
452 3845 528 3926 filius.
598 3847 630 3913 3)
646 3847 687 3899 De
698 3863 733 3929 οε.
742 3846 852 3900 victoria
863 3847 957 3918 passim
966 3847 1097 3969 gloriatur
1114 3849 1141 3902 iu
1157 3848 1273 3934 Historia
1290 3847 1338 3902 lib.

308 3913 703 4048 ”stillettt‘ttlo
716 3915 834 4037 teat
850 3921 1066 4039 tat'tadt
1081 3913 1340 4040 restittit?

279 4111 281 4122 Ι
308 3996 464 4112 Birbeticim
482 4051 538 4104 cod.
552 4003 607 4121 reg.
619 4055 693 4109 1996.
711 4053 753 4106 sol.
771 4057 812 4110 10.
823 4071 890 4108 vers.
909 4021 1002 4123 pisaini
1015 4071 1075 4108 vero
1089 4055 1146 4123 ipse
1154 4055 1339 4124 Philosophum

309 4123 393 4240 qqptaate.
406 4118 501 4242 insiliada
519 4119 589 4176 Hist.
608 4121 652 4174 lib.
668 4138 733 4176 aas.
751 4141 809 4192 cap.
824 4123 870 4176 ult.
889 4131 916 4176 et
934 4123 1067 4192 epistolam
1081 4123 1205 4196 Lampeia
1219 4124 1338 4182 Tacta-
