3096 4862
282 305 356 378 126
583 311 817 381 NICEPHORI
844 312 1083 382 GBEGORAE

162 489 191 538 Δ.
209 487 241 540 tt.
283 471 459 562 λειπόμενον
472 483 528 561 τῆς
549 478 627 560 ζωῆς
639 476 716 559 μεθ’
734 474 863 564 ἡσυχίας
878 479 929 544 καλ
945 455 1058 563 σχολάς
1071 473 1193 562 βιιόσων
1209 501 1372 561 πνευματι-

169 557 240 675 Ἢὸ
284 588 348 666 κῇς.
385 583 433 645 int
447 575 596 656 τοότοιςδ
614 579 694 667 ἱερὸς
708 589 763 666 τῆς
777 583 938 666 ἐκκλησίας
956 579 1104 667 σάλλογος
1125 578 1218 657 αάτός
1233 607 1265 645 τε
1281 584 1373 664 δῆλος

168 695 236 748 6791
283 677 322 768 siv
349 683 405 749 οάκ
428 680 590 769 ἠρεμήσων
614 686 666 747 καί
685 685 741 750 τὸν
765 684 856 768 όχλον
884 684 1013 750 ἀνέσειεν
1038 681 1164 769 ἀπάγων
1187 691 1242 768 τῆς
1264 705 1373 749 κοινω-

117 765 266 898 ἓξὲξ·
284 790 351 862 νίας
372 791 427 851 sori
443 786 594 869 βασιλέως
598 834 609 866 ,
635 789 807 875 μαρτυρίου
829 788 923 873 λέγων
940 785 1014 853 εἶναι
1028 788 1135 875 καιρόν
1148 789 1198 852 καί
1214 784 1373 873 στεφάνων

186 900 219 957 V.
232 898 268 957 64
285 889 477 972 ἀθλητικῶν·
519 884 561 964 ὥς
582 889 678 973 μέγαν
709 891 850 956 ἐντεῦθεν
873 893 1042 978 ἐγείρεσθαι
1073 888 1215 978 θόρυβον
1248 891 1299 954 κοιλ
1324 891 1401 965 ἔπλ5

248 971 273 1024 D
278 993 420 1078 μέγιστον
433 997 648 1078 καρωφοῦσθαι
657 991 705 1080 Ιτά
718 990 885 1080 πράγματα
900 991 1058 1059 κλόδωνα·
1084 995 1134 1059 καὶ
1150 989 1284 1077 ἀνάγκην
1298 989 1373 1058 εἶναι

279 1101 343 1161 τῶν
363 1093 422 1171 ἔξω
446 1090 634 1180 πραγμάτων
660 1093 903 1165 ἀποσπασθέντα
929 1095 984 1162 τόν
1010 1097 1263 1180 βασιλίαπιῖσαν
1286 1093 1373 1160 ένδον

277 1197 335 1284 τὴν
349 1197 486 1282 σπουδὴν
499 1204 694 1280 μεταθεῖναι,
721 1201 841 1282 μείζους
856 1197 928 1275 τοὺς
949 1199 1076 1264 itiones
1090 1195 1256 1284 ἦγοόμενον
1271 1194 1375 1292 κινδό-

183 1308 213 1363 Ρ.
228 1308 265 1365 76
280 1327 353 1378 νους
368 1307 431 1366 τῶν
450 1299 566 1378 έξωθεν
583 1303 744 1384 πολεμίων.
777 1296 858 1387 ἦσαν
872 1301 931 1388 γάρ
947 1302 1003 1367 οάκ
1018 1301 1111 1387 ἀλίγοι
1129 1305 1178 1366 καί
1195 1308 1256 1367 τῶν
1275 1303 1308 1366 ἓν
1323 1300 1372 1366 τέ-

277 1411 322 1472 λει
340 1411 395 1488 τῆς
413 1401 536 1488 γνώμης
552 1403 590 1469 rai
609 1401 749 1490 δόγματα
770 1403 850 1470 κατά
869 1411 932 1470 τῶν
948 1411 1115 1489 βασιλικῶν
1128 1400 1373 1491 προσταγμάτων
1380 1421 1418 1476 10

280 1505 450 1587 ὁπλίζοντες
465 1505 551 1588 μάλα
568 1509 730 1574 ἐθελονταί
736 1529 744 1544 ·
771 1509 804 1573 έν
827 1513 923 1597 στενῷ
939 1509 1043 1592 μέντοι
1058 1511 1168 1596 κομιδῇ
1182 1506 1338 1583 καταστὰς
1355 1503 1372 1573 ό

278 1611 423 1696 βασιλεδς
437 1606 549 1675 οότωσί
559 1609 633 1694 ἴγνω
647 1612 732 1676 δυοῖν
748 1609 884 1698 θάτερον
892 1608 966 1676 είναι
979 1612 1068 1692 ίτέον,
1084 1617 1139 1696 τῆς
1154 1615 1216 1676 τῶν
1227 1605 1372 1696 πραγμά-

279 1739 343 1780 των
357 1715 462 1795 βιαίας
477 1709 609 1798 ἀνάγκης
623 1713 725 1800 έτερον
741 1713 796 1780 οάκ
812 1715 1022 1799 ἐπιδεχομένης
1036 1714 1130 1802 πέρας
1143 1714 1175 1778 έν
1195 1719 1240 1802 τῷ
1256 1709 1372 1799 παρόν-

279 1837 326 1882 τι·
348 1815 368 1900 ἢ
384 1815 443 1902 γὰρ
459 1812 577 1892 πάντας
594 1815 679 1904 αὐτῷ
692 1827 895 1904 συμφρονεῖν,
914 1816 935 1901 ἢ
951 1819 1103 1900 πολεμίοις
1120 1817 1172 1881 ἴσα
1188 1813 1309 1892 τούτοις
1323 1841 1373 1881 κε-

250 1930 274 1984 Β
278 1925 428 2006 χρῆσθαι.
482 1916 549 2007 (Γ.)
577 1919 679 1984 Ταῦτ’
700 1919 761 2006 ἀρα
780 1924 831 1985 καί
843 1923 998 2004 μειλιχίοις
1016 1921 1057 1985 τά
1072 1927 1180 2007 πριῖιτα
1201 1917 1302 2004 λόγοις
1322 1921 1416 1988 καλ15

277 2022 388 2107 ἤθεσιν
401 2023 518 2108 ἱλαροῖς
531 2025 801 2109 καταδημαγωγεῖν
810 2026 861 2088 καί
874 2020 1089 2089 ἀποποιεῖσθαι
1102 2023 1158 2098 τάς
1170 2029 1232 2088 τῶν
1242 2045 1372 2088 στασια-

277 2123 389 2207 ζόντων
411 2127 551 2214 ἐπειρᾶτο
567 2122 707 2210 γνιόμας,
737 2128 911 2208 οἰκονομίαν
933 2123 1007 2192 είναι
1020 2127 1115 2212 λέγων
1128 2125 1164 2192 τό
1180 2133 1306 2211 πρᾶγμα
1321 2129 1373 2190 καλ

276 2229 313 2295 ori
335 2232 551 2312 καινοτομίαν·
577 2231 736 2318 φρονίμων
752 2228 785 2294 δ’
802 2226 894 2310 εἶναι,
922 2231 993 2317 πρίν
1007 2229 1150 2314 γενέσθαι
1165 2228 1204 2293 τά
1226 2231 1368 2315 δυσχερῆ,

275 2339 475 2419 προνοεῖσθαι
504 2330 588 2409 ὅπως
616 2333 662 2417 μὴ
684 2333 823 2418 γένηται·
858 2331 916 2397 κάν
943 2358 972 2397 τι
1000 2334 1053 2420 δίη
1075 2343 1264 2416 καινοτομεῖν
1293 2329 1370 2418 ὖπέρ

274 2443 331 2500 τοῦ
352 2435 397 2519 μὴ
421 2437 536 2519 μείζοσι
556 2433 707 2512 κινδάνοις
730 2447 916 2524 περιπεσεῖν,
943 2437 1023 2519 μηδὲ
1052 2433 1166 2502 τοότοσ
1196 2437 1415 2523 φείδεσθαιὶο

275 2537 330 2603 inis
356 2538 416 2624 γὰρ
441 2539 564 2605 ἐπίωσιν
589 2539 620 2604 οἳ
650 2539 806 2622 πολέμιοι,
835 2543 974 2625 πολλαχῇ
996 2545 1051 2623 τῆς
1074 2535 1370 2605 Κωνσταντινοιιπό-

248 2646 353 2718 Ολεως
379 2639 423 2705 έτι
450 2640 665 2729 διερρηγμένης
690 2645 740 2708 καλ
767 2641 836 2730 ἀρτι
864 2641 1088 2726 ἀνοικιζομένης
1112 2645 1162 2708 καί
1192 2639 1258 2708 οἷον
1279 2645 1370 2708 εἰπεῖν

277 2741 529 2830 ἀναβιωσκοόσης
555 2747 589 2810 ίκ
619 2752 681 2811 τῶν
711 2744 770 2832 πρό
797 2745 930 2832 βραχέος
959 2742 1125 2827 θανάτων,
1157 2747 1282 2832 χείρονα
1308 2751 1370 2810 τῶν

276 2847 432 2935 προτέρων
454 2846 540 2914 έσται
560 2849 601 2914 τά
623 2846 764 2936 παρόντα
791 2847 893 2930 δεινά,
921 2851 972 2914 καί
1000 2846 1098 2938 κόριοι
1126 2843 1370 2932 καθεστήξουσιν

345 2979 386 3031 12.
409 2973 494 3046 ἰτέον]
515 2977 622 3034 οἰστέον
637 2979 683 3032 W.
699 2977 726 3031 in
742 2995 794 3048 mg.

275 3079 369 3132 astatis
388 3086 447 3134 tran
465 3081 527 3134 niiio
547 3086 575 3134 et
595 3081 714 3150 religioso
736 3081 789 3134 otio
810 3080 934 3152 exigeret.
967 3079 1017 3136 ms
1038 3080 1151 3150 peractis
1163 3079 1245 3151 palam
1259 3081 1370 3136 entsd-

219 3196 220 3204 ,
276 3149 406 3202 tardatum
426 3097 558 3219 οόλΙορὶιιιο
578 3167 628 3204 non
650 3169 706 3203 esse
727 3153 876 3222 quieturum.
911 3151 981 3214 Quin
998 3151 1133 3220 etplabem
1148 3149 1325 3217 concitabant,
1342 3157 1371 3205 at

275 3219 309 3272 ab
326 3219 488 3289 imperatoris
501 3220 671 3273 communione
682 3222 852 3284 remeabant,
868 3219 989 3288 Martyrii
1000 3227 1028 3272 et
1041 3221 1311 3284 coronarnmathietis
1322 3219 1369 3275 de-

275 3288 423 3341 stinatarum
444 3297 544 3359 tempus
564 3307 621 3342 esse
634 3289 809 3354 clamitantes3
823 3289 861 3342 ita
872 3295 1019 3358 utmagnus
1033 3289 1095 3341 inds
1107 3289 1229 3342 tumultus
1241 3289 1370 3343 excitare-

273 3363 317 3410 tur
333 3367 411 3428 atqua
423 3357 449 3410 in
462 3367 573 3412 atrocem
583 3365 761 3426 tempestatem
776 3365 933 3429 erumperet,
953 3365 980 3411 et
993 3359 1135 3428 Imperator
1149 3359 1182 3412 ab
1196 3357 1310 3412 externis
1323 3375 1368 3411 ne-

274 3425 353 3494 gotiis
375 3428 519 3482 abstractus
538 3445 611 3480 omne
628 3443 698 3480 suum
717 3428 829 3481 studium
846 3429 878 3480 ad
890 3445 933 3480 ras
946 3428 1096 3480 domesticas
1106 3427 1248 3480 transferre
1261 3443 1368 3494 cogere·

272 3501 331 3557 tur,
348 3495 468 3548 intestina
487 3497 602 3566 perimis
612 3495 686 3550 bellis
702 3497 814 3550 externis
829 3497 950 3565 graviora
960 3495 1107 3550 arbitratus·
1142 3496 1227 3548 Erant
1239 3495 1305 3548 enim
1318 3513 1368 3548 non

270 3562 349 3632 pauci
367 3581 382 3616 a
402 3565 595 3634 magistratibus
606 3567 699 3631 etiam,
717 3567 760 3650 qni
776 3583 845 3619 suam
858 3567 1007 3620 sententiam
1022 3563 1195 3634 imperatoriis
1210 3564 1303 3617 edictis
1314 3565 1368 3618 sla-

270 3631 350 3684 ‹niter
377 3649 410 3702 op
429 3643 544 3688 onerent.
585 3633 614 3687 In
635 3651 678 3688 ees
696 3636 777 3704 igitur
803 3637 925 3688 redactus
946 3636 1078 3703 angustias
1097 3633 1164 3687 viam
1181 3633 1249 3686 inira
1276 3635 1369 3686 statuit

269 3699 377 3753 duamm
396 3649 515 3767 aiteram,
533 3719 629 3756 summa
647 3705 800 3758 necessitate
818 3705 894 3758 aliurn
912 3704 1006 3757 exitum
1023 3719 1073 3756 non
1088 3703 1238 3755 admittente
1249 3703 1275 3755 in
1291 3719 1368 3772 prae-

269 3770 367 3822 sentim
386 3771 481 3841 qnippe
501 3778 548 3826 ant
565 3789 651 3825 omnes
670 3769 719 3826 sttt
741 3789 906 3839 assensuros,
922 3779 966 3826 rat
984 3789 1069 3825 omnes
1087 3789 1171 3842 aeque
1189 3771 1297 3825 hostium
1309 3771 1366 3823 loco

269 3837 409 3890 habendos.
444 3841 521 3910 (111.)
539 3842 710 3906 Quamobrem
730 3841 893 3896 factiosorum
909 3843 1003 3895 animos
1016 3841 1142 3912 principio
1162 3841 1294 3894 blanditiis
1305 3855 1367 3892 rer-

268 3906 357 3959 bornm
379 3913 407 3960 at
418 3909 536 3965 comitate
550 3927 645 3964 morum
657 3911 795 3964 conciliare
808 3912 857 3965 sibi
871 3916 898 3964 et
912 3910 1056 3980 mancipare
1070 3910 1224 3973 conabatur,
1241 3925 1367 3979 „eumque

268 3991 322 4028 rem
334 3991 384 4028 non
400 3979 522 4032 novitatis
539 3980 624 4033 studio
637 3981 682 4034 sed
703 3981 823 4051 prudenti
847 3980 952 4035 oonsilio
974 3987 1089 4050 coeptam
1110 3997 1167 4032 assa
1184 3979 1285 4032 siebat=
1309 3995 1367 4032 esse

267 4049 354 4126 aptam
369 4048 535 4115 prudentiae,
551 4050 727 4120 impendentes
743 4067 900 4121 praecavare
911 4050 1084 4112 calamitates,
1102 4052 1129 4101 et
1146 4047 1243 4118 siquid
1257 4048 1290 4100 ad
1304 4063 1367 4116 gra·

269 4129 342 4166 mora
354 4117 420 4168 maia
435 4119 575 4172 asestmds
589 4119 733 4173 novandum
746 4121 790 4186 sit,
807 4135 857 4174 non
870 4136 926 4173 esse
941 4117 1119 4172 cunctandum.
1155 4117 1185 4170 Si
1199 4116 1264 4171 enim
1278 4118 1367 4168 hostes

268 4183 454 4250 adientsrent‚
473 4186 546 4241 Urbs
567 4189 652 4242 multis
673 4189 700 4242 in
720 4189 783 4243 locis
804 4189 890 4242 adhuc
907 4205 954 4258 per
969 4188 1055 4242 ruinas
1067 4191 1171 4256 patente
1186 4185 1366 4240 annosissima

266 4249 411 4308 instaurata
430 4261 457 4308 et
473 4257 543 4310 velat
562 4259 732 4312 reviviscente
749 4261 809 4329 post
825 4257 884 4311 illas
898 4262 993 4310 mortes
1003 4271 1066 4327 qnsa
1074 4253 1154 4378 paulo
1168 4261 1228 4309 ante
1242 4253 1366 4324 pertulis-

267 4325 323 4386 νῦν,
339 4325 487 4393 praesentia
504 4327 569 4382 maia
587 4329 709 4400 graviora
729 4327 816 4383 nnn
837 4319 1002 4399 prseteritin
1024 4341 1056 4379 aa
1093 4323 1189 4380 ominus
1206 4325 1265 4378 iore
1277 4324 1365 4378 testea
