2998 4872
302 371 390 420 mu
593 357 652 424 10.
679 351 842 425 1301le
873 349 1129 422 emeseno.
1216 324 1219 335 '

304 521 351 580 lae
376 527 406 578 et
426 513 586 578 relationes
608 515 747 592 selectae,
768 533 806 574 ex
826 511 929 573 codice
951 509 1109 589 singulari,
1130 526 1218 588 quam
1235 505 1402 569 Bibliothe-

306 641 357 682 cae
369 618 476 700 Regiae
489 639 558 679 cum
578 617 643 678 aliis
671 617 775 678 multis
789 636 886 698 nuper
910 615 1034 676 donavit
1051 615 1083 674 G.
1104 611 1204 673 Maus.
1222 611 1401 682 Tauumma,

304 722 546 804 archiepiscopus
559 721 629 781 Dux
643 719 825 782 Rbemensis.

383 825 420 886 V.
442 823 589 888 manuelis
613 825 714 884 Philae
732 827 838 903 poe'ms
862 819 1041 880 historicum
1061 817 1098 878 de
1118 811 1273 880 Michaelis
1288 811 1403 873 Glabae

304 934 391 996 rebus
403 931 508 1012 gestia,
529 949 569 990 ex
591 929 650 989 alio
667 926 732 986 cod.
748 925 840 1002 liegio
855 922 940 1004 (olim
959 920 1138 1002 Telluriano)
1155 921 1348 1001 descriptum.

387 1037 438 1098 Vl.
458 1035 568 1094 Tomus
589 1027 812 1112 pseudosynodi
827 1026 1030 1105 Palamiticse,
1052 1027 1149 1087 aditus
1172 1021 1401 1086 aGambelisio.

389 1137 456 1198 Vll.
478 1137 628 1214 Excerpta
645 1151 684 1190 ex
702 1130 822 1211 scriptis
841 1129 1004 1210 Nicephori
1024 1125 1229 1208 BIemmydae‚
1263 1125 1404 1204 Gregorii

305 1235 425 1319 Cyprii,
446 1236 594 1298 Theoduli
609 1234 760 1305 libatoria,
783 1233 943 1316 Nicephori
961 1229 1106 1308 Cbumni,
1128 1228 1283 1305 Barlaami,
1304 1227 1405 1289 Acin-

304 1339 397 1421 dyni,
412 1339 561 1415 Palamae,
582 1336 700 1397 Nicolsi
717 1337 883 1413 Gabasilae,
904 1336 1053 1398 Philotbei
1068 1333 1269 1418 patriarchae,
1291 1335 1405 1396 Medici

304 1441 479 1516 Taronitae,
508 1439 721 1516 Cantacuzeni,
749 1439 891 1500 Demetrii
911 1438 1053 1518 Cydonii,
1075 1439 1169 1519 ipsius
1190 1437 1348 1517 Gregorae,
1370 1447 1404 1497 et

306 1542 449 1617 aliorum,
469 1542 568 1600 omnia
585 1541 770 1622 paucissimis
786 1542 918 1623 exceptis
932 1542 1083 1602 anecdota.

389 1647 436 1706 Ita
464 1654 593 1726 quatuor
608 1643 698 1702 tomis
711 1642 861 1722 integrum
879 1663 955 1726 opus
969 1644 1130 1703 constabit:
1154 1643 1236 1723 quod
1250 1645 1344 1722 brevi,
1364 1656 1405 1706 ut

305 1769 409 1831 spero,
428 1748 615 1821 absolvetur,
637 1745 757 1804 favente
776 1743 858 1806 bisce
876 1745 982 1806 studiis
1003 1745 1114 1806 nostris
1126 1746 1327 1806 Illustrisaimo
1340 1748 1405 1807 Co-

304 1849 393 1925 mite,
416 1846 590 1907 cancellarii
602 1845 683 1922 filio,
705 1845 889 1907 liranonrsao
903 1848 1184 1911 Poncmrnssnro.
1227 1849 1338 1931 Nempe
1351 1849 1405 1911 hic

306 1949 345 2011 ad
363 1947 522 2008 secretiora
536 1947 623 2027 Regis
639 1947 763 2007 consilis
779 1948 933 2026 admissus,
954 1959 1041 2029 atque
1055 1949 1147 2031 ipsius
1162 1949 1206 2009 rei
1222 1953 1338 2012 navalis
1350 1953 1405 2012 ad.

305 2050 520 2112 ministrationi
533 2048 721 2129 praefectus,
742 2052 851 2111 artium
866 2060 1018 2132 praeterea
1035 2061 1064 2111 et
1076 2051 1302 2114 Academiarum
1313 2057 1404 2116 rebus

306 2151 481 2215 ordinandis
495 2149 652 2228 incumbit,
667 2169 825 2213 successor
836 2153 916 2214 idem
933 2163 964 2214 et
980 2153 1111 2230 aemulus
1126 2154 1236 2234 patris3
1251 2175 1340 2235 quem
1346 2157 1403 2219 lit-

306 2265 438 2316 terarum
457 2273 493 2312 ac
511 2253 714 2314 litteratorum
730 2274 831 2315 amora
851 2265 881 2315 et
894 2256 1016 2316 exculto
1038 2255 1211 2318 liberalibus
1233 2257 1403 2340 disciplinis

305 2357 424 2437 ingenio
438 2355 482 2416 sic
493 2357 601 2432 refert,
621 2363 658 2416 ut
670 2355 699 2416 ei
720 2377 783 2417 non
797 2365 859 2417 tam
880 2356 914 2416 in
929 2377 1016 2419 cursa
1031 2379 1126 2440 quam·
1141 2360 1175 2420 in
1189 2359 1309 2422 laudem
1330 2383 1403 2424 auc-

307 2453 430 2521 ceasisae
443 2457 588 2522 rideatur.
