3038 4864
283 321 336 400 64
571 311 814 404 nrbsnnon
833 331 1073 404 onucouau

167 509 196 559 A·
213 507 247 560 bt.
287 499 475 566 διετείνοντο.
513 491 596 579 τό,τε
610 495 669 586 γάρ
684 495 729 582 μὴ
742 496 847 583 γόνους
861 499 954 586 φησίν
968 495 1103 564 εάκλειαν
1123 497 1216 566 beaw
1231 495 1293 566 sind
1311 505 1375 568 τῶν

171 577 241 699 ἵὲί
286 599 421 690 φάντων,
438 599 520 682 τό,τε
534 599 677 688 συνεργὸν
690 600 833 685 γενέσθαι
848 607 893 689 τῷ
906 608 1028 684 βασιλεῖ
1038 599 1184 677 πολλάκις
1197 602 1228 678 ἐς
1241 603 1299 679 τάς
1311 609 1375 670 τῶν

171 715 239 770 6768
284 711 407 772 πολλῶν
428 705 593 790 τιμωρίας,
622 703 711 770 {aaut
727 709 827 768 ταῦτα
845 713 936 787 μῖσος
957 705 1055 770 δεινὸν
1076 706 1202 772 ἐντενεῖν
1222 716 1290 790 ταῖς
1307 721 1374 789 ψυ-

117 786 563 908 ι”,”Δ1ζ.ἒ;“ζ,“;’·γαῖςτάνπολλῶν
575 806 649 873 κατ’
665 805 771 872 αὐτοῦ.
800 809 826 871 si
842 808 876 872 δι’
895 808 947 872 καί
962 809 1120 890 βασιλείας
1136 806 1198 894 ἤρα
1223 811 1274 874 καί
1293 805 1373 874 ταά-

251 893 339 996 λλτην
359 907 548 998 ὠνειροπόλει
554 958 565 991 ,
593 906 701 986 καθώς
722 934 801 986 τινες
824 907 1040 992 διαβάλλοντες
1056 910 1250 998 προάφερον,
1277 917 1398 978 τοῦτοὸ

279 1016 315 1081 δὲ
327 1015 434 1098 ποίους
449 1013 505 1079 οὖν
526 1011 564 1078 ἀν
584 1010 697 1097 ἀνῆπτε
717 1015 824 1088 κακίας
838 1013 974 1100 πυρσοάς
991 1013 1071 1078 κατὰ
1084 1021 1140 1098 τῆς
1157 1013 1254 1079 αὐτοῦ
1274 1039 1373 1101 νεφα-

277 1123 354 1202 2513,-
380 1123 480 1182 ταῦτα
496 1119 515 1180 δ
520 1113 530 1140 ‘
549 1113 605 1181 οὖν
618 1113 755 1200 ἐλελήθει
769 1113 977 1196 Μουζάλωνα.
1005 1115 1101 1192 δεινὸς
1113 1117 1170 1198 μὲν
1185 1116 1244 1203 γάρ
1262 1112 1280 1181 ὁ
1293 1116 1372 1203 ἀνὴρ

277 1223 329 1286 ani
345 1217 494 1307 πρότερον
510 1211 549 1303 ἦν
569 1219 600 1294 ἐς
615 1218 650 1285 τὸ
665 1219 796 1284 συνιέναι
816 1224 963 1284 τοιαῦτα·
990 1217 1059 1284 τότε
1076 1221 1110 1284 δέ
1126 1222 1254 1284 καὶτῶν
1270 1244 1371 1307 πραγ-

276 1309 384 1410 μάτων
404 1320 530 1404 ζεόντων
555 1323 606 1386 καὶ
631 1319 764 1407 ἀγωνίαν
786 1323 930 1406 μεγίστην
951 1327 990 1408 τῇ
1013 1319 1126 1388 τούτου
1149 1328 1237 1408 ψυχῇ
1260 1327 1371 1408 προξε-

275 1424 428 1507 νοόντων,
456 1421 658 1512 συνετώτερος
678 1424 771 1501 αὐτὸς
787 1423 882 1491 ἐδόκει
902 1431 1005 1512 πολλῷ
1021 1422 1142 1491 ἑαυτοῦ.
1185 1427 1236 1488 καί
1253 1425 1292 1508 δν)
1311 1424 1369 1510 τὴν
1379 1433 1415 1486 10

275 1531 423 1612 ταχίστην
440 1529 470 1604 ἐς
485 1527 702 1615 βουλευτήριον
720 1526 860 1604 ἅπαντας
878 1534 1061 1612 μεγιστᾶνας
1081 1526 1294 1614 συνηθροικώς
1319 1530 1370 1593 δε-

150 1691 154 1702 ,
248 1629 348 1709 Εξιάν
371 1657 403 1696 τε
427 1632 529 1696 ἐδίδου
553 1641 618 1707 τοΐς
641 1629 723 1708 όλοις
748 1632 799 1696 καὶ
823 1630 883 1696 ἀπὸ
909 1637 967 1696 τοῦ
987 1629 1115 1715 ἥττονος
1135 1628 1289 1718 προῦφερε
1312 1629 1369 1715 τὴν

276 1731 416 1817 ὁμιλίαν·
434 1737 485 1798 καὶ
501 1737 594 1818 δῆλος
608 1727 647 1818 ἦν
662 1731 896 1820 παραχωρήσων
912 1733 1050 1817 ἀσμίνως
1063 1741 1108 1822 τῷ
1119 1735 1297 1822 βουλομένῳ
1312 1733 1369 1816 τὴν

276 1835 441 1924 ἐπιτροπὴν
458 1843 521 1902 τῶν
538 1861 570 1900 τι
593 1843 701 1902 κοινῶν
726 1833 914 1922 πραγμάτων
938 1837 988 1902 καὶ
1006 1837 1103 1903 αὐτοῦ
1126 1837 1164 1921 δὴ
1182 1843 1238 1903 τοῦ
1259 1837 1370 1914 παιδὸς

274 1947 332 2006 τοῦ
353 1941 513 2022 βασιλέως.
567 1937 638 2030 (A.)
669 1939 749 2006 Ἐπεὶ
770 1941 804 2004 δέ
825 1937 936 2024 πάντες
959 1941 1016 2022 μέν
1041 1938 1141 2025 ὥσπερ
1162 1938 1222 2006 ἀπὸ
1245 1937 1367 2024 συνθή·
1375 1949 1410 2004 15

213 2089 222 2104 .
275 2067 376 2127 ματος
388 2039 466 2127 δμοῦ
481 2049 673 2128 παρῃτοῦντο
681 2091 691 2124 ,
721 2041 816 2108 αάτδν
829 2049 1041 2130 προτιμᾶσθαι
1054 2051 1116 2108 τῶν
1132 2041 1233 2110 ἀλλων
1254 2039 1368 2126 δμολο-

271 2153 413 2232 γοῦντες,
441 2143 477 2212 ὃν
492 2148 543 2222 καί
556 2145 701 2228 βασιλεὺς
713 2141 836 2221 αάτδςά
852 2152 913 2212 τῶν
931 2144 1120 2234 πραγμάτων
1142 2148 1193 2211 καί
1216 2152 1272 2212 τοῦ
1293 2173 1367 2211 παι-

269 2249 328 2326 ’δὸς
343 2251 499 2314 ἐδικαίωσε
514 2245 618 2336 κύριός
631 2273 663 2314 τε
679 2251 729 2314 καὶ
751 2245 969 2336 αὐτοκράτωρ,
997 2245 1013 2314 ὅ
1036 2251 1070 2315 δέ
1091 2247 1270 2328 Μουζάλων
1291 2247 1365 2314 οὐδ’

272 2348 413 2418 ὁπωσοῦν
436 2353 587 2433 ἐνεδίδου,
616 2351 696 2417 ἀλλά
717 2353 861 2437 γενναίως
885 2352 1074 2433 ἀνθίστατο,
1103 2349 1161 2436 τήν
1181 2377 1215 2418 τε
1235 2349 1366 2437 ἡσυχίαν

242 2453 453 2540 Ραὲροόμενσς
477 2457 528 2519 καλ
548 2455 584 2520 τό
608 2461 735 2542 πρᾶγμα
750 2451 964 2538 ἀποσειόμενος
985 2453 1072 2532 ὅλαις
1090 2451 1200 2542 δρμαῖς
1215 2457 1266 2521 καί
1279 2453 1406 2541 κενή-20

270 2579 336 2622 σεσι
356 2563 412 2641 τῆς
429 2563 535 2640 ψυχῆς
556 2553 607 2622 διά
622 2583 655 2624 τε
669 2557 723 2623 τὸν
734 2553 912 2644 ὑφέρποντα
932 2554 1054 2646 φθόνον
1076 2565 1120 2647 τῷ
1142 2557 1298 2645 πράγματι
1312 2561 1365 2623 καί

268 2657 405 2744 μάλιστα
420 2657 472 2724 διά
488 2659 541 2726 τόν
554 2660 695 2727 ἐντεῦθεν
713 2657 957 2748 ὖποφαινόμενόν
971 2687 1004 2726 τε
1022 2663 1073 2726 καλ
1093 2658 1363 2748 πλαστουργαάμε-

243 2851 253 2878 ⁹
267 2789 323 2830 νον
335 2765 492 2830 κίνδυνον·
514 2765 750 2853 φρικωδίστεροι
772 2770 835 2830 τῶν
848 2763 1004 2852 προτέρων
1024 2761 1109 2852 ὅρκοι
1123 2761 1215 2830 πάλιν
1228 2765 1361 2850 ἐγίγνον-

334 2946 361 3002 a
386 2945 426 3014 τῷ
441 2945 550 3016 aaran
563 2943 624 3002 ιιι
640 2945 674 3001 ι,
740 2944 784 3000 ια
802 2913 1023 3016 ,prasumat
1052 2941 1149 3000 wan
1171 2941 1270 3014 mque
1285 2941 1361 2998 nee

334 3015 497 3084 succidetur:

264 3163 359 3218 multae
376 3180 471 3218 cuusae
491 3165 606 3218 omnibus
625 3164 806 3236 suppetebant.
839 3163 907 3218 Nam
928 3165 995 3236 quod
1015 3182 1062 3220 nec
1084 3183 1181 3235 genera
1197 3165 1277 3218 nobili
1288 3169 1361 3218 ortus

264 3239 348 3298 osset,
366 3241 393 3287 et
412 3241 442 3286 ut
461 3235 575 3288 homines
589 3235 661 3287 multi
696 3237 829 3288 unirentur
843 3251 945 3303 operam
960 3253 1029 3292 suam
1042 3251 1121 3304 saepe
1132 3235 1285 3305 Imperatori
1298 3251 1361 3288 cou-

263 3303 379 3368 tuiisset,
397 3304 446 3356 bae
466 3321 508 3356 res
527 3305 561 3356 ad
581 3304 636 3356 eius
690 3304 740 3356 ium
759 3303 848 3356 animis
864 3304 935 3372 voigi
950 3305 1151 3372 ingenerandum
1164 3303 1228 3357 satis
1239 3304 1361 3358 efficaces

263 3379 346 3426 erant.
381 3371 458 3435 Quod
476 3371 643 3442 silmperium
657 3372 734 3425 etiam
746 3371 940 3441 concupisceret
951 3391 982 3428 ac
993 3375 1144 3437 somniaret,
1162 3379 1192 3428 ut
1202 3372 1304 3442 quidam
1314 3389 1359 3425 cs-

263 3441 462 3504 lumniabantur,
478 3441 505 3492 id
524 3457 584 3494 vero
604 3457 668 3510 quas
688 3458 738 3493 non
757 3441 863 3493 sceleris
880 3443 951 3494 isoes
972 3441 1000 3494 in
1017 3449 1095 3512 caput
1115 3441 1172 3496 eius
1184 3441 1360 3496 accenderet?

262 3509 337 3562 Haec
353 3509 513 3561 binzalonem
528 3527 578 3562 uon
589 3509 710 3562 latebant
744 3509 847 3562 Etenim
859 3509 900 3562 vir
919 3510 963 3563 iiis
982 3528 1038 3563 cum
1050 3517 1125 3564 antea
1138 3511 1170 3564 ad
1184 3511 1248 3564 talia
1263 3509 1362 3564 inteili-

261 3579 347 3646 genda
365 3585 457 3629 acutus
478 3579 579 3644 iuerat,
597 3585 651 3630 tum
666 3577 715 3630 boc
732 3579 891 3698 ueffotiorusn
909 3587 982 3632 aestu
1001 3579 1118 3633 fervente
1134 3587 1161 3633 et
1180 3579 1313 3632 maximam
1332 3579 1358 3633 ei

261 3645 338 3698 animi
349 3644 504 3709 anxietatem
517 3647 651 3710 afferente,
662 3663 690 3698 sa
702 3645 757 3715 ipso

261 3715 364 3767 ceribus
384 3715 499 3767 omnibus
516 3715 648 3769 celerrime
668 3715 695 3767 in
718 3715 813 3769 curiam
826 3718 988 3781 convocatis,
1005 3717 1136 3770 dexoeram
1155 3735 1284 3771 universis
1298 3735 1357 3785 por-

258 3782 338 3852 rigite
356 3785 633 3852 actamquaminierior
645 3784 752 3838 cumeis
766 3784 922 3851 collocutus,
940 3785 1007 3839 baud
1028 3787 1134 3840 obscure
1151 3787 1218 3850 iert,
1236 3804 1264 3838 se
1275 3785 1355 3840 bben-

258 3859 300 3904 ter
318 3851 400 3905 cuivis
412 3859 465 3904 tum
477 3853 695 3906 administratione
713 3853 831 3923 imperii,
846 3861 899 3908 tum
911 3855 993 3908 tutela
1005 3856 1079 3923 pueri
1091 3855 1257 3924 Imperatoris
1269 3871 1356 3908 cesus-

258 3937 314 3974 rum
332 3939 397 3974 esse.
432 3921 507 3990 (IV.)
532 3922 659 3985 Quoniam
680 3939 741 3975 vero
762 3939 848 3975 omues
870 3923 943 3976 simul
962 3923 1032 3976 velut
1050 3941 1083 3975 ex
1095 3925 1234 3994 componito
1249 3939 1357 3976 τεσυνε-

257 3989 329 4050 bant,
347 3997 375 4042 et
386 4005 443 4044 eum
456 3991 652 4059 praeferendum
664 4009 720 4044 esso
735 3992 928 4055 ouufitebsntur,
939 4009 1013 4061 quem
1027 3993 1135 4061 ipsemet
1147 4009 1231 4046 rerum
1243 4001 1271 4048 et
1283 3989 1356 4061 pueri

258 4059 373 4113 dominus
393 4075 575 4130 supremusque
593 4061 691 4134 arbiter
709 4061 852 4130 Imperator
863 4061 1004 4130 digniorem
1018 4060 1172 4114 iudicassets
1191 4061 1293 4114 Μυονία
1307 4077 1355 4112 au-

257 4135 310 4182 tem
330 4129 398 4182 nullo
419 4126 493 4180 m'odo
512 4130 637 4194 cedebat,
654 4129 700 4184 sed
713 4130 817 4182 sortiter
829 4129 976 4194 resistebat,
993 4129 1071 4182 otium
1088 4131 1253 4200 praeferens,
1270 4135 1298 4183 et
1309 4147 1354 4182 ue·

257 4197 355 4266 g'otiurn
372 4198 436 4250 totis
456 4197 532 4252 nnisui
553 4199 649 4252 viribus
666 4217 698 4252 ac
716 4199 912 4252 facultatibusa
927 4217 956 4251 se
968 4199 1090 4252 amoiiena
1107 4207 1213 4269 propter
1229 4200 1356 4268 obrepen-

256 4275 308 4320 tem
327 4267 465 4334 invidiam,
482 4285 514 4321 ae
533 4267 665 4338 inprimis
686 4268 719 4320 ob
740 4267 894 4336 periculum,
913 4267 981 4337 quod
998 4269 1154 4320 subobscura
1172 4267 1233 4320 inde
1245 4284 1355 4338 appare·

256 4335 303 4392 bat
314 4343 342 4392 st
352 4336 525 4404 oouflabansrs
542 4337 640 4394 idcireo
650 4337 824 4392 iusiurandum
835 4337 921 4408 priore
932 4337 1048 4392 ιεαολίιιι
1060 4353 1092 4392 ετ
1105 4337 1188 4408 magis
1197 4335 1354 4392 uomendum

780 3664 846 3716 ongo
858 3647 1008 3716 prudentior
1021 3649 1165 3702 videbatur.
1190 3649 1284 3731 .¹⁸⁵‘¹!¹
1297 3665 1358 3718 pro-
