2998 4872
338 301 574 400 MCEPHOBI
594 303 834 372 GREGORAE
854 303 1033 376 ELOGIA.
1124 317 1236 366 οων

130 461 207 542 φέα,
228 455 283 523 καλ
303 455 342 523 οῦ
363 465 426 535 τοῖς
442 457 516 542 μειοῖ
531 457 589 541 τῆν
610 455 712 526 αῦτοῖν
723 460 845 544 ῆλικῖαν
859 459 901 537 οῖς
914 465 1024 546 κλῆρος
1038 462 1126 528 παισῖ
1141 489 1235 530 κατα-

129 539 269 629 βῆσεται.
297 540 383 608 ταῦτ’
396 539 638 628 όναπεμπόζοντι
657 539 732 628 ῆκεν
750 545 888 629 έπιστολῆ
903 547 1082 632 ἐγγυωμένη,
1108 539 1149 626 σός
1163 547 1236 635 σόχε

128 625 233 695 πόντα
243 627 298 693 τόν
311 635 425 712 κλῆρον
438 631 582 716 εἰσφκέσα
597 637 636 718 τῆ
652 637 694 695 σ”
707 636 795 718 ψυχῆ
803 652 812 670 ·
832 631 882 695 καλ
899 631 941 709 οῖς
954 627 1056 696 πόντα
1075 639 1179 716 νομοῖς
1195 631 1234 700 τοῖ

129 711 163 779 τ’
180 709 314 798 οῦρόνια
334 715 387 778 καλ
407 719 610 798 χθονοστιβῆ·
636 657 689 780 καῖ
706 713 792 780 σόνει
815 713 937 800 ῥήτορσι
957 717 1009 780 καλ
1025 699 1235 803 συγγραφεῦσι,

129 800 186 866 καλ
201 795 278 864 ὅσον
292 800 326 862 έν
340 807 495 879 ποιηταῖς·
513 799 566 864 καὶ
580 796 672 904 όμόσε
686 809 748 877 τοῖς
768 809 908 881 φυσικοῖς
930 801 983 864 καὶ
999 797 1124 884 ἠθικοῖς
1144 801 1236 886 κεχό-

129 904 242 969 ρηκας·
264 885 316 947 καλ
329 882 386 968 τῆν
404 891 466 950 τοῖν
479 893 668 970 μαθηματαν
680 883 841 972 τετρακτῦν
861 886 904 964 εός
918 881 1017 964 οῦῦελς
1033 887 1069 952 ἓν
1078 887 1103 971 1)
1118 887 1234 956 τοῦτον

127 965 307 1053 η’κριβόσιο.

129 1085 230 1154 XIX.
261 1089 331 1154 Τοῦ
350 1089 578 1172 Σχολαστικοῦ
600 1082 789 1156 Θεοσοῦλου
810 1091 872 1156 τοῦ
893 1088 1074 1176 μαγῖστρον
1094 1085 1131 1158 ἐκ
1156 1093 1234 1158 Θεσ-

453 1175 642 1261 σαλονίκης,
663 1176 709 1251 εἰς
728 1173 789 1240 τόν
809 1169 924 1240 αὐτόν.

221 1275 285 1338 Καὶ
302 1269 397 1339 πόλοι
417 1274 472 1359 μὲν
495 1277 586 1383 έχοιχι
610 1273 668 1340 σῦν
688 1273 748 1356 ῦρα
763 1283 886 1352 πολλοῖς
907 1275 1018 1356 έτέροις
1033 1281 1073 1364 τῆ
1088 1281 1129 1362 σῆ
1141 1271 1231 1366 φῆμη

128 1355 263 1442 πότοχος
282 1357 412 1446 χεχονοῖς
434 1357 488 1444 οῦχ
511 1383 583 1426 οσον
604 1361 751 1443 ἐρωτικοῖς
768 1360 824 1442 ἔχει
846 1366 909 1425 τοῖν
925 1367 1005 1440 σοῖν,
1028 1361 1079 1425 καλ
1098 1367 1231 1444 μανικοῖς

128 1471 199 1522 ποις
219 1446 290 1529 περὶ
311 1452 406 1509 ταῦτα
425 1443 580 1528 βακχεόω,
602 1445 655 1509 καλ
669 1440 752 1508 πόνυ
766 1469 813 1508 τοι
831 1452 931 1524 φιλεῖν
947 1447 999 1510 καλ
1013 1443 1179 1526 θανμόζαν
1194 1443 1236 1512 ου’

129 1526 287 1613 παύομαι,
311 1526 387 1594 α’λλό
402 1532 453 1595 καλ
471 1527 552 1606 ὅπως
564 1528 611 1595 ότι
626 1555 680 1611 μοι
693 1525 808 1610 τάχιστ’
820 1532 897 1594 ῖὸεῖν
912 1531 1024 1606 ἐξέσται
1039 1529 1093 1594 τόν
1108 1540 1232 1613 θαυμα-

133 1613 209 1680 στόν
225 1613 378 1696 ἐρόμενον
398 1617 450 1680 καλ
472 1611 568 1680 πάντ’
582 1611 707 1698 ῦριστόν
731 1635 777 1692 σε,
798 1621 887 1680 τοῦτο
909 1611 942 1680 δ’
963 1610 1020 1680 οῦκ
1041 1618 1119 1680 ἔστιν
1138 1618 1234 1680 εἰπεῖν

130 1709 201 1777 ταῖς
222 1699 324 1782 εῦχαῖς
346 1699 421 1766 ὅσον
441 1707 588 1782 τιμοῖμαι·
609 1701 663 1764 καλ
688 1705 747 1764 νῦν
765 1695 798 1762 δ’
812 1695 867 1782 οόχ
880 1695 982 1783 ἥκιστ’
998 1695 1089 1776 αῦτός
1102 1697 1147 1776 οῖς
1161 1701 1233 1765 ἐπέ-

131 1793 272 1862 σταλκας,
293 1785 430 1866 ἐτρωσας,
451 1786 531 1867 όμοῦ
546 1785 601 1867 μὲν
618 1785 670 1866 έμέ
684 1809 716 1848 τε
732 1785 783 1848 καλ
798 1784 908 1849 σαυτόν
923 1782 1062 1870 συνεῖχον
1078 1787 1233 1864 ἐντεῦθεν,

131 1871 187 1936 καὶ
212 1866 260 1936 ῖν’
283 1865 380 1946 οὕτως
402 1873 475 1934 εῖποι
500 1867 710 1952 σνμπλοῖττιον,
732 1869 782 1934 καλ
804 1873 839 1934 ἓν
861 1868 955 1952 όμφα
967 1871 1081 1948 τιθεῖς,
1105 1871 1125 1934 ό
1147 1877 1186 1934 οῦ
1201 1869 1234 1936 δέ

131 1957 187 2020 καλ
209 1955 254 2031 τός
272 1953 330 2038 έχοῖ
351 1955 433 2020 πνέοι
454 1952 491 2020 τό
512 1953 570 2034 σοῖ,
590 1956 643 2019 καλ
659 1961 767 2020 τοῦτον
788 1955 861 2036 ἐσχοι
886 1953 937 2020 τόν
961 1952 1073 2037 τρόπον
1100 1980 1133 2019 εν
1153 1950 1239 2036 μόλοι

133 2039 266 2118 ῦειιινῦς,
288 2035 334 2104 δι’
351 2033 395 2104 οῖν
410 2046 474 2128 φῆς
491 2043 697 2123 βεβουλῆσθαι
710 2038 765 2122 μὲν
781 2039 833 2120 έμέ
848 2033 993 2114 πολλάκις
1004 2037 1081 2123 πρός
1096 2039 1129 2104 ’σέ
1142 2036 1233 2123 χρόμ-

134 2151 216 2210 μαεα
237 2125 373 2206 πέμψαι,
394 2131 436 2211 τῷ
458 2123 492 2190 δέ
514 2123 556 2208 μῆ
577 2123 648 2200 τοῦς
672 2122 745 2198 συός
764 2121 894 2207 τρόπους
917 2125 1047 2202 εἰδέναι,
1064 2131 1119 2205 τῆς
1137 2125 1236 2207 όρμῆς

133 2207 330 2292 ἀποσχέσθαι
354 2208 411 2295 έχοῖ
429 2209 462 2274 δέ
474 2207 520 2276 ότι
535 2209 590 2293 μέν
601 2205 712 2291 ταότης
726 2206 872 2292 ἐγενόμην
883 2213 938 2290 τῆς
950 2201 1087 2291 χνοῖμης,Ι
1102 2210 1156 2272 καλ
1169 2206 1234 2286 οἷος

131 2289 176 2380 ῆν
189 2296 377 2373 ἐπιστέλλειν,
398 2295 552 2379 όμολογοῖ·
577 2291 615 2360 οῦ
629 2293 691 2376 μῆν
705 2290 766 2373 ὕφ’
781 2287 824 2356 όν
841 2294 916 2374 έφης
930 2289 1021 2368 αῦτός
1031 2290 1234 2374 κεκωλῦσθαι,

134 2377 208 2448 οῦδὲ
226 2387 337 2463 μικροῦ
350 2383 404 2444 δεῖ.
425 2387 571 2446 τοσοῦτον
585 2375 641 2446 οῦν
655 2375 754 2460 οῖπέχω
767 2384 822 2443 τοῦ
836 2384 929 2442 ταῦτα
941 2383 999 2442 σοῦ
1011 2377 1080 2482 πέρι
1093 2378 1147 2442 καλ
1159 2403 1234 2460 φρο-

132 2475 201 2533 νεῖν
211 2467 264 2530 καλ
277 2461 428 2546 δοξάζειν,
450 2465 492 2541 οῖς
506 2467 558 2530 καὶ
572 2466 646 2549 πρὶν
661 2460 749 2546 ἥκειν
762 2465 806 2539 εές
821 2471 943 2546 πεῖραν,
964 2458 1122 2548 α’χανισμα
1134 2463 1233 2566 χλφῖτ-
1350 2468 1354 2476 ’

132 2577 190 2635 της
212 2552 266 2616 καλ
285 2549 406 2634 τρυφὴν
427 2559 565 2616 ποιεῖθαι
585 2548 622 2614 τό
644 2547 698 2627 σό,
721 2547 754 2614 σὲ
778 2547 834 2631 μέν
854 2545 1042 2632 θαυμάζων,
1061 2547 1112 2614 aad
1131 2571 1236 2632 πασης

133 2636 355 2718 ἐπαινουμένης
375 2635 456 2712 ἐῦέας
475 2632 574 2720 λόγων
584 2657 616 2700 τε
630 2635 683 2699 καλ
695 2631 811 2718 τρόπον
826 2633 899 2717 μειοῖ
915 2639 1030 2700 πολλοῦ
1041 2640 1099 2700 τοῦ
1109 2630 1235 2718 περιόν·-

133 2748 187 2799 τος
210 2717 308 2786 ἐόντα·
334 2726 391 2801 τῆς
409 2721 443 2786 δὲ
456 2719 531 2785 κατό
552 2719 585 2785 σέ
605 2725 705 2804 φορῦς
720 2725 763 2807 τρῖ
784 2722 841 2802 βῖῳ
865 2722 1052 2804 συγχαίρειν,
1082 2716 1101 2784 ῦ
1118 2724 1234 2785 πολλοῦ

133 2814 237 2874 ποιεῖν
252 2807 311 2870 ἔδει
325 2802 396 2880 τοῦς
407 2831 440 2889 γε
457 2801 730 2889 ἀμφισβητοῦντας.
753 2803 866 2869 οῦκονν
879 2803 930 2868 διό
941 2809 1034 2868 ταῦτα
1043 2809 1131 2890 σιχρῖν
1147 2803 1240 2890 ᾤμην

136 2895 222 2970 δεῖν,
244 2887 316 2955 οῖλλεῖ
338 2889 465 2974 μάλιστα
490 2892 546 2972 μέν
567 2915 601 2977 χε
618 2886 669 2954 διό
691 2887 726 2954 τό
743 2895 842 2971 σχῆμα
848 2889 933 2966 ,ικαλ
949 2885 984 2952 τό
997 2886 1039 2969 μῆ
1051 2893 1159 2970 χρῆναι
1170 2896 1235 2964 τοῖς

135 2971 289 3052 τοιοῦτοις
317 2976 349 3040 έκ
370 2982 426 3042 τοῦ
456 2971 571 3052 εῦθέας
602 2975 770 3061 ῖιτιπηῦηῖν·
801 2967 902 3038 ἔπειθ’
924 2968 969 3038 ότι
988 2973 1040 3036 καλ
1062 2973 1239 3058 βουλομένη)

135 3069 279 3137 σκοπεῖν,
301 3063 416 3137 δίκαιος
439 3057 530 3138 αότός
551 3054 638 3143 ῆσθα
657 3065 777 3144 προῖτος
799 3055 902 3142 ἄρχειν
921 3053 1121 3141 χραμμόταν,
1142 3059 1162 3126 ό
1183 3058 1237 3122 καλ

134 3153 257 3233 προῖκας
276 3146 358 3228 ῆμῦς
379 3143 430 3212 ῖιοῖ
447 3153 502 3229 τῆς
516 3150 695 3229 θαυμαστῆς
710 3139 816 3225 φήμης
830 3146 874 3219 εἰς
887 3140 958 3218 νοῦς
976 3140 1052 3206 κατοῖ
1064 3151 1121 3208 σοῦ
1139 3140 1237 3226 θορό-

135 3237 214 3320 βονς
233 3229 380 3316 έκμῆνας·
402 3230 421 3298 ό
440 3231 479 3310 δῆ
492 3232 544 3298 καλ
563 3227 703 3311 πράττειν
723 3224 872 3310 ῆξέασας,
894 3221 929 3290 ειῖ
951 3233 1069 3301 ποιεῖν,
1086 3228 1138 3292 καὶ
1159 3228 1237 3308 ῆμῖν

134 3315 223 3385 πόνν
237 3318 447 3424 κεχαρισμένος
460 3316 501 3400 ²).
525 3319 552 3381 εέ
567 3314 624 3400 χόρ
644 3312 683 3396 δῆ
697 3309 834 3396 πρόσθεν
849 3307 1007 3416 λεγόμεχός
1019 3335 1050 3375 τε
1064 3313 1114 3376 καὶ
1127 3305 1236 3376 α’κονό-

136 3428 231 3489 μενος
246 3427 342 3478 ουτως
355 3403 533 3483 ἐξέπληττες,
545 3407 605 3465 νῦν
620 3397 670 3464 διό
685 3404 740 3481 τῆς
748 3399 903 3478 ἐπιπολῆς
915 3397 1066 3480 όραμενος
1078 3398 1130 3460 καλ
1142 3405 1237 3478 φθεγ-

134 3486 277 3574 γόμενος,
290 3489 343 3552 καλ
357 3486 394 3550 τό
409 3485 510 3551 εέκότα
524 3484 633 3564 ξυνεῖν,
648 3479 747 3548 πόσον
757 3509 786 3546 τι
798 3486 927 3566 νομίζεις
940 3482 1015 3563 ῆμῖν
1027 3483 1070 3556 εἰς
1079 3481 1150 3556 τοῦς
1166 3479 1241 3555 σοῦς

64 3584 70 3593 ’
137 3569 301 3657 εέρχόσθαι
319 3577 460 3650 παιᾶνας,
482 3569 520 3635 τῦ
538 3569 631 3635 τῦλλα
649 3570 701 3634 καλ
720 3565 767 3633 ότι
785 3565 823 3632 τῖε
845 3561 989 3632 κόλλιστό
1004 3591 1035 3628 τε
1056 3567 1107 3631 καλ
1130 3563 1239 3649 ῆόιστα

136 3659 275 3740 παρέχεις
288 3658 376 3744 όρρῖν·
388 3664 477 3722 τοῦτο
488 3656 544 3739 μὲν
553 3652 587 3720 τό
597 3660 653 3737 τῆς
667 3659 723 3736 σῆς
735 3655 870 3728 διανοίας
878 3649 1020 3734 ἐμβριθές
1027 3653 1079 3716 καῖ
1087 3660 1240 3736 γενναῖον,

137 3745 308 3830 φιλοσοφία
326 3737 452 3825 μάλιστα
464 3741 600 3824 πρέπον,
618 3739 669 3803 καλ
683 3732 804 3818 προσέτ’
815 3733 958 3821 οῖγχῖνουν
972 3737 1024 3810 καλ
1033 3735 1167 3820 περιττόν
1186 3737 1239 3800 καλ

137 3825 207 3906 όξῦ,
226 3829 279 3892 καὶ
293 3828 461 3910 περιόέξιον
480 3825 516 3891 τιλ
534 3827 566 3902 ές
578 3821 675 3889 πάντα
689 3824 732 3907 ³)·
746 3828 836 3888 τοῦτο
850 3818 882 3886 δ’
897 3821 940 3898 ῦς
952 3825 1152 3897 παντοδαπῆς
1165 3823 1240 3902 ἐχεις

136 3921 195 3994 τῆς
224 3909 374 3996 Μοῦσης,
402 3913 455 3977 καλ
481 3911 585 3996 φέρεις
609 3903 804 3990 έκασταχόσε,
833 3906 886 3972 καλ
907 3911 962 3988 τῆς
977 3906 1088 3988 Ἑρμοῦ
1112 3912 1242 3988 τελετῆς,

136 3997 182 4082 ῆν
206 3995 247 4062 ῖῖν
272 4022 319 4074 τις
340 3998 391 4063 καλ
411 3994 525 4080 φῆσαι,
547 3989 695 4082 δμᾶοῦχός
716 4017 762 4070 τις
783 3992 847 4074 εῖης
875 3989 928 4056 καῖ
949 3990 1126 4072 θαυμαστός
1146 4012 1243 4056 σπον-

137 4081 269 4167 ῦαστῆς,
292 4085 437 4169 ῥητορικῇ
457 4083 642 4162 φιλοσοφλσν
664 4073 840 4155 συνάπτων,
861 4077 913 4140 καλ
927 4073 1242 4163 ῦμφιιχεταῦτατοῖς

137 4169 211 4252 περὶ
226 4163 362 4252 οῦρανοῦ
376 4165 540 4252 πράγμασι,
562 4165 615 4230 καλ
628 4161 707 4230 οῦτοι
721 4160 876 4247 κράτιστος
890 4162 923 4226 ἐν
937 4159 1051 4228 ἅπασιν
1064 4159 1117 4240 εῖν,
1137 4160 1180 4234 οῖς
1193 4159 1241 4223 λνέ

137 4255 230 4343 μέτρα
250 4258 314 4319 τοῖν
328 4250 426 4318 όῖλλιον
449 4248 557 4328 οῦὸελς.
583 4243 672 4314 ταῦτ’
690 4245 749 4332 ἄρα
763 4247 816 4314 καὶ
830 4241 1020 4328 πανταχόθεν
1035 4243 1151 4321 πόντος
1165 4243 1242 4326 έχεις

175 4390 206 4460 1)
222 4389 297 4444 Ιῖοελ,
316 4381 362 4444 εῖν.
430 4385 463 4455 2)
480 4385 521 4441 Λα
537 4377 757 4456 κεχαρισμέναςῖ
823 4378 855 4449 8)
872 4379 913 4434 λιι
930 4373 957 4442 ές
974 4373 1009 4430 τό
1028 4368 1140 4428 πόνταῖ
