2998 4872
537 345 793 420 PRAEFATIO.
819 375 822 382 ·
1146 376 1219 428 xus

114 517 186 558 mus
198 506 335 580 repetere
347 501 381 564 in
395 503 519 585 singulis
530 508 646 587 paginis
661 510 702 588 id,
726 511 808 592 quod
820 517 910 578 semel
923 523 1073 588 monuisse
1084 529 1155 590 eatis
1167 531 1215 592 fo-

113 611 173 662 ret.
217 603 323 665 Libros
338 605 373 666 iu
388 607 503 688 capita,
525 611 622 692 capita
632 613 666 672 in
680 615 825 676 sectiones
839 620 940 682 eadem
952 627 1091 690 methodo
1110 631 1216 694 divisi-

112 725 193 780 mus,
211 707 316 784 quain
331 709 423 768 Tomo
438 708 546 789 primo.
587 713 623 772 ln
636 715 792 781 breviariis
809 739 926 801 quoque
948 736 978 786 et
992 728 1025 790 in
1038 733 1119 794 notis
1140 755 1214 796 ean-

112 807 323 887 demptorem
335 811 482 874 rationem
498 815 617 893 sequuti
634 835 745 882 sumus.

201 911 440 992 Disputationem
460 935 530 974 cum
551 915 699 994 (labaala,
725 919 811 982 libris
829 925 927 990 tribus
945 950 1008 992 non
1027 935 1100 996 totis
1127 958 1214 1000 com·

109 1008 292 1089 prehensam
310 1015 390 1095 (nam
415 1033 447 1072 ea
459 1035 478 1074 a
499 1016 640 1095 vigesimo
661 1025 793 1084 secundo
813 1027 954 1091 inchoato
977 1034 1014 1094 ad
1035 1037 1211 1114 vigesimum

110 1123 255 1188 quartum
267 1117 328 1176 lere
336 1117 470 1178 medium
485 1120 643 1204 excurrit),
659 1125 740 1202 quod
754 1129 791 1188 ad
804 1128 957 1194 historiam
965 1133 1049 1196 haud
1061 1140 1132 1198 satis
1144 1163 1212 1220 per-

108 1213 210 1276 tinere
230 1217 397 1290 videretur,
427 1221 466 1280 ad
488 1223 614 1282 secundi
629 1227 791 1288 voluminis
818 1233 930 1294 calcem
950 1236 1073 1297 reiicere
1096 1242 1211 1302 animus

108 1317 246 1394 primum
260 1321 326 1384 tuit.
357 1322 490 1402 Demum,
502 1344 541 1382 ne
553 1313 694 1390 contin'uu
711 1329 855 1390 librorum
868 1335 958 1394 series
972 1339 1211 1421 abrumperetur,

107 1418 222 1478 rectius
236 1421 386 1484 facturum
403 1445 451 1482 me
471 1425 657 1504 existimavi,
678 1427 704 1486 si
720 1450 806 1490 suum
828 1434 856 1492 ei
876 1455 910 1494 ac
930 1441 1087 1519 proprium
1107 1443 1211 1504 locum

108 1539 270 1584 servarem.
311 1526 378 1583 Una
391 1547 438 1585 me
451 1547 499 1587 res
510 1529 699 1606 morabatur,
722 1533 800 1609 quod
815 1554 877 1594 eam
889 1537 1120 1618 disputationem
1133 1563 1210 1604 non-

106 1618 184 1678 dum
196 1622 301 1684 Latina
320 1629 482 1708 vertissem,
502 1649 557 1689 nec
569 1628 645 1690 milri
659 1631 752 1690 otium
769 1649 932 1715 superesset
942 1642 981 1700 ad
994 1642 1076 1703 istud
1090 1665 1209 1725 quaqua

103 1743 236 1802 pensum
250 1727 474 1792 absolvendum
515 1732 597 1792 Inter
609 1731 682 1792 haec
698 1739 885 1800 commodum
900 1763 982 1802 suam
996 1744 1071 1804 mihi
1087 1767 1209 1826 operans

105 1825 223 1886 obtulit
237 1828 278 1890 M.
296 1832 435 1894 Claudius
451 1835 717 1915 Capperounarius,
737 1839 921 1904 Licentiatus
938 1843 1104 1926 Theologua
1120 1847 1208 1908 Pari·

104 1928 224 1993 aiensis.
264 1933 346 1994 Huic
358 1955 428 2014 ego,
454 1938 566 1998 Graece
580 1946 610 1998 et
621 1938 727 2002 Latine
742 1941 932 2023 doctissimo,
954 1949 1042 2008 facile
1067 1948 1207 2028 equidem

104 2031 254 2094 adductus
275 2057 351 2114 sum,
371 2047 408 2098 ut
421 2041 756 2122 easpartestradarem3
778 2065 813 2104 eo
824 2049 1010 2126 praesertim,
1031 2051 1114 2129 quod
1130 2071 1206 2129 quae

103 2133 160 2192 ille
176 2135 402 2218 interpretanda
421 2153 613 2223 suscepturus
634 2143 731 2220 foret,
759 2167 793 2206 ea
819 2160 916 2208 essent
939 2153 1001 2212 lere
1027 2152 1205 2243 dogmatica,

103 2236 237 2317 adeoque
249 2242 305 2302 vix
318 2253 442 2322 possent
455 2245 554 2304 verbis
568 2245 701 2324 propriis
714 2267 749 2304 ac
766 2249 934 2330 perspicuis
951 2275 968 2312 a
984 2273 1134 2333 quoquam
1148 2273 1205 2314 ax-

102 2338 205 2418 primi,
219 2341 278 2402 nisi
290 2344 344 2423 qui
356 2344 390 2404 in
403 2344 493 2405 robus
507 2345 683 2426 theologicis
699 2349 829 2410 multum
846 2363 977 2415 veranus
991 2364 1021 2414 et
1028 2355 1204 2434 quotidiano

101 2439 275 2502 scholarum
287 2465 345 2508 usu
357 2448 496 2509 subactus
510 2449 606 2509 foret:
627 2451 659 2512 id
676 2451 770 2530 quod,
790 2453 816 2512 si
837 2454 884 2514 cui
897 2475 1045 2536 unquam,
1066 2457 1204 2518 cumula·

101 2542 251 2606 tissimum
266 2555 348 2609 certe
360 2548 412 2609 isti
424 2550 558 2630 contigit.

187 2648 315 2709 Tamum
343 2652 467 2712 tertium
497 2651 682 2713 constituent
703 2654 774 2716 libri
792 2657 1037 2738 quatuordecim
1065 2659 1203 2722 historici

99 2747 221 2828 quidem
236 2762 316 2830 octo,
338 2753 497 2833 dogmatici
511 2775 583 2818 vero
598 2775 665 2833 se13
688 2757 726 2818 ds
741 2759 848 2838 quibus
861 2761 908 2821 nil
920 2782 1040 2824 necesse
1053 2773 1099 2823 cst
1110 2785 1201 2844 praa-

98 2851 160 2910 fari
173 2851 261 2912 initio
274 2853 366 2916 huius
380 2855 553 2917 voluminis.

188 2955 299 3016 Tamus
307 2969 440 3036 quartus,
452 2969 570 3039 praeter
577 2963 685 3040 poema
697 2957 802 3040 ingens
811 2962 1082 3026 Graecobarbarum
1094 2965 1130 3026 de
1139 2964 1200 3026 bal-

96 3053 130 3114 lo
141 3077 237 3135 sacro,
250 3059 323 3119 item
337 3060 375 3119 de
383 3061 729 3142 constantinopolitanis,
742 3065 1000 3146 Peloponnesiacis
1015 3077 1044 3126 et
1057 3067 1199 3148 Neapoli-

95 3157 177 3218 tanis
190 3159 373 3223 Francorum
387 3163 643 3244 expeditionibus,
666 3167 774 3226 selecta
787 3168 941 3228 votorum
957 3170 1101 3249 opuscula
1124 3191 1199 3228 con-

95 3259 224 3330 tinebits
245 3282 279 3322 ea
301 3263 432 3342 scilicet,
454 3285 528 3344 quae
548 3266 709 3348 Nicephon'
727 3269 875 3349 Gregoraa
896 3270 1053 3331 historiam
1071 3279 1199 3351 possunt

93 3357 259 3430 illustrare.
300 3365 338 3424 ln
349 3366 386 3425 iis
400 3377 503 3428 erunt:

182 3467 209 3526 l.
228 3467 367 3529 Narratio
388 3469 508 3530 Nicetes
538 3469 700 3530 Chonia'tse
727 3471 765 3532 de
791 3473 897 3534 statuis
923 3471 1197 3554 Constantinopoli.

95 3567 177 3628 tanis
183 3614 193 3646 ,
216 3591 291 3650 quas
308 3571 425 3649 Latini,
449 3582 536 3654 capte
551 3573 633 3634 Urbe
651 3573 835 3651 confractas,
857 3577 890 3636 in
908 3587 1057 3638 monetam
1084 3575 1198 3635 cunila-

93 3681 217 3732 verunt.
261 3674 563 3753 concatenationis,
585 3695 623 3735 ex
638 3677 742 3736 codice
758 3679 920 3744 deleiano
935 3677 1122 3757 descriptas,
1145 3697 1199 3738 co-

91 3773 147 3854 pia
159 3773 237 3834 mihi
252 3796 269 3834 a
286 3775 358 3836 Viro
373 3777 536 3838 clarissimo
549 3779 660 3838 Ioanne
674 3779 800 3840 Ernesto
824 3781 934 3840 Grabio
947 3781 1025 3840 sacta
1043 3789 1105 3846 est„

179 3877 218 3936 ll.
247 3877 395 3938 Theodori
418 3879 550 3940 Lasceris
583 3880 734 3940 orationes
762 3882 847 3942 duae.
873 3884 914 3947 1⁸.
936 3881 1114 3942 Encomium
1139 3901 1198 3960 pa-

91 3977 151 4038 tris
166 3979 248 4056 eius,
278 3979 398 4039 Ioannis
414 3981 514 4042 [lucae
540 3980 613 4063 Imp.
635 3983 679 4048 2⁸.
700 3983 777 4044 Laus
797 3983 879 4046 urbis
903 3985 1045 4061 Nicaeae,
1067 4003 1106 4043 ex
1130 3981 1196 4044 cod.

89 4081 167 4160 neg.
257 4137 260 4146 .

179 4179 235 4244 Ill.
256 4183 478 4246 Testamentum
491 4185 609 4246 Arrenii
621 4185 824 4267 patriarchae,
846 4185 958 4246 editum
972 4208 991 4246 a
1004 4184 1161 4255 (totelerio.

175 4283 232 4346 IV.
254 4285 409 4346 Athanasii
429 4285 616 4366 patriarchas
636 4289 675 4350 ad
697 4288 843 4352 seniorem
856 4288 1062 4352 Andronicum
1084 4286 1198 4369 episto·

179 4384 341 4457 Nicepbawa
361 4385 472 4458 (begar.
494 4387 548 4441 Vol.
568 4389 588 4441 l.
966 4375 987 4434 b
