2998 4872
359 287 595 362 NICEPHORI
617 285 857 358 GREGORAE
876 287 1055 362 ELOGlA.
1186 303 1268 350 nm

214 444 411 533 Acindynus
436 444 622 536 Gregorue.
644 445 803 534 Epistola
827 446 1090 534 Tbmsulonicue
1111 445 1206 514 dota.

236 569 406 640 Balsamon,
426 567 476 628 vir
491 567 624 648 egregius
632 615 642 645 ,
665 587 734 627 cum
750 577 780 628 ot
796 567 910 628 amicus
924 563 1014 628 meus'
1021 569 1061 629 ait
1076 577 1106 629 et
1119 567 1179 628 mei
1195 577 1259 628 stu-

151 651 209 712 dio
235 653 348 712 amicos
373 673 476 713 omnes
499 654 617 726 vincat,
638 663 705 712 tuns
717 653 792 713 milri
808 654 922 714 litteras
936 651 1061 733 (sciebat
1073 655 1152 714 enim
1168 673 1214 713 me
1230 661 1261 714 et

147 739 202 798 tui
223 747 254 797 et
269 737 452 818 scriptorum
473 747 595 798 tuorum
614 757 715 798 amore
732 737 922 799 vehementer
936 737 1175 822 inflammatum),
1191 748 1259 798 tuas

147 823 279 904 inquam
303 823 419 882 litteras
439 823 514 885 milri
535 823 661 900 obtulit,
682 823 806 903 insignis
827 833 856 884 et
874 825 974 902 magni
993 825 1153 884 cuiuslibet
1164 823 1258 884 bene-
1348 815 1353 824 “

147 907 216 968 ficii
238 909 307 968 loco
329 902 499 987 habendam
521 908 588 967 illas
604 908 761 986 videlicet,
789 929 864 988 quae
885 909 1023 970 caelestis
1043 909 1154 987 ignaris
1175 929 1259 990 pan-

147 993 243 1054 dunt.
283 995 350 1052 Una
371 991 445 1052 haee
467 995 533 1052 laus
548 993 584 1053 iis
597 1015 654 1074 pro
676 994 735 1053 alio
752 995 834 1053 omni
848 994 944 1074 elogio
957 995 1103 1054 sufficiat:
1121 995 1212 1054 immo
1228 1003 1259 1054 et

147 1077 283 1159 epistola
303 1088 334 1137 et
348 1078 489 1160 epistolae
503 1089 590 1160 pater
600 1077 688 1139 istam
703 1079 820 1138 laudern
835 1080 908 1138 boni
921 1081 1095 1156 consulant,
1117 1079 1143 1138 si
1157 1079 1256 1139 minus

147 1183 257 1246 parem
268 1164 314 1223 rei
332 1163 480 1243 dignitati,
502 1173 534 1222 at
546 1185 602 1244 pro
619 1173 711 1245 captu
725 1175 839 1240 nostro,
862 1175 1007 1244 quatenus
1022 1183 1129 1244 nempe
1147 1173 1175 1222 et
1187 1183 1258 1242 per.

145 1250 267 1329 spicere
282 1257 312 1308 et
329 1248 431 1328 eloqui
447 1269 621 1328 possumus,
644 1249 717 1310 satis
735 1249 932 1328 magnificam.
975 1251 1037 1328 Ego
1052 1269 1124 1308 vero
1139 1249 1256 1308 litteras

102 1402 106 1410 ¹
144 1334 187 1395 ab
202 1333 257 1393 illo
279 1343 418 1416 acceptas
433 1355 503 1394 cum
523 1335 732 1416 perlegissem,
754 1353 875 1394 sensum
893 1329 1100 1410 reconditum,
1124 1334 1256 1393 Graecae

147 1417 272 1498 linguae
295 1420 530 1500 proprietatem,
554 1420 723 1479 dictionum
746 1439 783 1479 ex
804 1418 894 1479 horto
913 1421 999 1500 quasi
1021 1420 1122 1481 Attico
1147 1419 1254 1478 decer-

143 1514 272 1586 ptarum
291 1503 430 1563 floridam
447 1505 638 1584 elegantiam,
662 1514 904 1582 argumentorum
916 1505 1107 1581 varietatem,
1130 1523 1168 1562 ex
1183 1503 1254 1563 Pla-

142 1591 230 1649 tonis
246 1588 283 1667 (si
296 1609 354 1668 qna
371 1589 458 1650 nobis
472 1589 546 1648 fides
561 1589 594 1648 in
609 1589 657 1649 bis
674 1590 783 1660 rebus)
807 1609 889 1670 penu
908 1590 1135 1672 depromptam,
1157 1597 1253 1648 totam

144 1675 294 1753 denique,
313 1683 351 1734 ut
370 1675 461 1735 verbo
487 1674 600 1751 dicam,
623 1675 871 1754 compositionem
893 1686 1050 1736 venustam
1070 1684 1100 1735 et
1123 1673 1252 1734 concin-

143 1779 221 1818 nam
242 1758 406 1819 admiratus
422 1779 507 1820 sum:
532 1779 714 1838 quamquam
732 1779 775 1836 ea,
796 1780 872 1840 quae
889 1755 968 1838 dixi,
990 1762 1069 1820 veris
1087 1759 1202 1819 minora
1219 1767 1251 1819 et

143 1846 239 1923 longe
254 1844 334 1905 infra
352 1865 417 1904 rem
434 1845 567 1910 suerunt.
611 1845 751 1904 Attamen
769 1865 817 1904 eas
829 1846 945 1905 litteras
966 1867 1022 1925 pro
1046 1845 1129 1906 virili
1150 1843 1250 1903 adani-

144 1939 233 1990 ratns
257 1931 297 1988 eia
317 1929 445 2004 tradidi,
463 1929 516 2009 qui
533 1949 712 2010 magnopere
729 1931 917 2012 expetebant.
957 1931 1052 1992 Erant
1065 1950 1156 2012 porro
1173 1929 1250 2008 plu-

142 2014 232 2088 rimi,
255 2035 290 2074 ac
307 2033 363 2096 per
377 2033 479 2073 omnes
493 2013 652 2074 admiratio
668 2015 811 2096 pervasit.
848 2015 924 2075 Tum
939 2017 1050 2096 passim
1060 2015 1118 2076 tibi
1133 2013 1250 2074 tbeatra

139 2099 302 2182 plaudere,
326 2099 437 2181 passim
452 2119 554 2159 omnes
567 2091 640 2179 pr'ae
653 2099 762 2180 gaudio
778 2099 906 2176 exsilire,
926 2101 991 2161 aliis
1005 2101 1064 2161 alia
1079 2098 1248 2182 suspicien-

141 2185 243 2262 tibus,
265 2185 358 2243 immo
380 2185 479 2244 omnia
495 2185 649 2262 omnibus,
671 2205 728 2268 pro
745 2205 799 2246 sua
818 2185 942 2263 singulis
957 2186 1126 2246 facultate¹
1151 2183 1196 2244 lta
1211 2192 1248 2243 tn

142 2271 263 2350 quidem
280 2269 417 2330 homines
437 2289 598 2351 suspensos
612 2270 781 2330 litterarum
801 2271 950 2331 suavitate
975 2270 1109 2332 tenuisti.
1155 2267 1247 2342 Quod
1328 2333 1330 2338 ,

62 2353 66 2359 ’
141 2365 242 2414 autem
256 2353 425 2414 eruditione
437 2363 489 2415 tua
502 2375 594 2434 aeque
608 2357 746 2415 omnibus
764 2356 928 2435 profueris,
950 2364 1015 2416 turn
1040 2356 1077 2416 iis
1095 2354 1148 2434 qui
1167 2374 1245 2414 ean-

141 2440 212 2501 dem
228 2439 289 2520 ipsi
304 2459 421 2520 qnoque
433 2439 622 2521 disciplinam
635 2441 852 2518 excoluissent,
873 2450 940 2500 tum
953 2439 990 2501 iis
1011 2441 1062 2522 qui
1086 2440 1177 2500 rudes
1193 2459 1244 2499 es-

141 2534 224 2603 sent,
245 2523 294 2586 his
310 2524 431 2604 quidem
446 2544 495 2585 eas
510 2545 577 2603 res,
598 2545 670 2604 quae
686 2545 841 2604 nunquam
854 2525 1026 2605 audierant,
1048 2525 1181 2603 edoctis,
1202 2524 1245 2584 il-

142 2611 182 2671 lis
194 2629 270 2671 vero
285 2629 401 2686 earum,
424 2631 501 2690 quas
509 2629 665 2692 perperam
680 2613 865 2690 didicerant,
886 2621 968 2672 recta
984 2621 1014 2674 st
1030 2619 1169 2672 accurata
1188 2629 1244 2668 co-

142 2695 279 2775 gnitiona
290 2695 463 2755 instructis:
484 2697 551 2774 quis
567 2717 629 2755 non
641 2697 698 2758 tibi
714 2717 748 2758 eo
765 2698 887 2756 nomine
902 2697 1011 2775 gratias
1024 2693 1193 2780 [maximas]
1212 2693 1243 2770 ¹)

141 2781 218 2858 agit,
237 2790 269 2840 at
290 2779 421 2840 minores
432 2789 534 2840 tamen
549 2801 637 2860 quam
653 2802 727 2861 quas
739 2801 772 2842 re
787 2782 852 2863 ipsa
866 2779 978 2843 habeat
1006 2783 1154 2861 Equidem
1169 2778 1244 2838 milri

140 2865 249 2928 videor
270 2863 353 2925 baud
373 2874 483 2926 temere
501 2865 665 2944 iudicasse,
687 2867 771 2926 illam
793 2867 950 2948 epistolam
972 2877 1057 2945 grata
1073 2865 1243 2947 lyricorum

140 2942 334 3011 modulorum
357 2951 499 3012 varietate
523 2971 540 3010 a
567 2949 708 3012 Thebano
734 2961 802 3012 vate
824 2951 1022 3019 elaboratam,
1053 2960 1083 3011 et
1107 2948 1242 3025 Veneris,

141 3037 208 3097 eins
223 3035 364 3094 nimirum
378 3055 455 3115 quae
471 3057 487 3096 a
502 3037 626 3096 Platone
639 3036 775 3096 caelestis
787 3035 915 3112 dicitur,
937 3037 1057 3117 plenam
1071 3035 1241 3096 credidisse.

137 3121 234 3202 Atqui
248 3121 407 3182 multatus
420 3121 498 3202 apud
517 3141 564 3181 me
584 3122 709 3180 collecta
724 3121 897 3181 excellentis
912 3121 1023 3199 ingenii
1040 3129 1070 3180 et
1082 3119 1242 3180 facundiae

138 3215 335 3266 monumenta
356 3207 413 3266 alia
435 3206 662 3266 admirationem
684 3205 812 3266 babent:
842 3225 918 3286 qnae
947 3215 998 3284 tu,
1021 3207 1046 3264 si
1067 3203 1240 3280 meministi,

138 3293 229 3352 beato
243 3292 289 3351 illi
299 3291 370 3352 viro
384 3300 414 3350 et
430 3292 603 3352 doctissimo
622 3289 804 3374 philosopho
814 3289 843 3374 ²)
865 3289 992 3372 losepbo
1009 3291 1104 3349 divini
1119 3289 1242 3368 eapien-

136 3378 238 3458 tisqno
257 3376 392 3439 Palamas
406 3373 433 3458 ³)
449 3377 622 3438 interventu
643 3377 787 3438 antehoc
804 3377 960 3438 biennium
979 3375 1095 3438 misisti.
1137 3373 1196 3434 Hic
1209 3369 1239 3448 ⁴)

174 3544 206 3614 ί)
229 3542 261 3596 St
279 3541 661 3611 1οςαιμιίζονς,ναήοιιᾱωιι
681 3542 747 3610 erit,
804 3544 874 3598 attus
887 3545 948 3614 ugit
967 3542 1091 3606 maiorem
1114 3557 1192 3612 quma
1210 3557 1243 3599 rs

207 3615 268 3682 ipsu
280 3613 392 3676 tuen,
410 3611 479 3684 quod
493 3613 631 3667 absurdum
644 3621 692 3668 est.
754 3615 772 3668 2
803 3615 887 3668 Extat
899 3613 967 3666 inter
980 3615 1117 3680 Gregorae
1129 3628 1242 3682 opuseu-

206 3681 234 3734 la
253 3680 313 3736 cod.
331 3681 418 3736 Vatic-
438 3684 513 3738 1086.
531 3681 575 3735 l'ol.
595 3685 636 3742 75.
654 3680 727 3751 nocie
749 3701 800 3738 rou
819 3679 1042 3754 ardentissimos
1057 3677 1160 3750 ’Innio
1177 3680 1242 3751 maol

207 3751 261 3805 aori
273 3747 366 3819 πάσχα
381 3745 630 3834 ἄπρὃειξιςῃόπως
642 3749 748 3822 ἐσφάλη
764 3749 818 3822 πρὸ
830 3750 953 3820 χρόνων,
970 3751 1016 3806 sul
1030 3745 1106 3815 ὅπως
1119 3751 1165 3806 δεῖ
1176 3769 1241 3806 noa-

208 3818 369 3942 ffiudoztrin'v
381 3839 484 3886 acoron
498 3822 669 3946 ἒὲιίρθωσιῆ3
684 3839 777 3943 palrpm
793 3821 897 3944 dpipersa
914 3821 948 3874 ab
966 3821 1082 3945 einslagem
1095 3819 1242 3945 aggurpeptl

208 3905 308 4039 iili,
325 3899 1064 4030 tt}’atttnttttcttn‚tantttatttm
1098 3891 1243 4027 n'pii'.

211 4045 268 4081 cram
287 4027 331 4080 rllo
346 4027 457 4097 capitale
473 4029 559 4083 odium
574 4032 630 4102 lpse
643 4035 671 4084 et
687 4031 821 4098 Gregorns
839 4033 1018 4084 marcuerunt.
1054 4027 1115 4082 Non
1131 4035 1172 4081 est
1189 4028 1242 4080 ita-

210 4113 261 4167 que
276 4100 307 4148 ut
321 4099 472 4163 credamus,
489 4099 649 4172 Acindynunr
663 4097 724 4152 ideo
736 4101 763 4154 in
776 4099 826 4151 bac
836 4097 946 4169 epistola
957 4096 1098 4152 blanditum
1109 4095 1244 4174 ssseGre-

274 4183 306 4230 s,
323 4167 392 4236 quod
407 4167 431 4220 is
442 4185 527 4221 seeum
543 4171 666 4224 adversus
675 4167 801 4221 Palanram
815 4169 985 4250 conspiraret·
1019 4166 1087 4250 Vide
1105 4163 1243 4246 ood3lteg.

211 4303 243 4374 4)
259 4233 385 4360 aleidis
380 4237 437 4294 188.
462 4236 509 4294 nbi
527 4239 646 4296 Palanas
666 4237 816 4308 megistum
827 4255 858 4293 ss
870 4235 998 4310 acindyni
1012 4235 1093 4291 luisse
1107 4235 1243 4306 gloriatur.
