2970 4882
287 355 364 432 494
593 353 1110 442 NICEPHORI'GREGORAE·

167 542 197 598 λ.
210 545 244 598 lt.
288 532 406 622 πρίπης
413 581 424 614 ,
441 507 495 610 Ιἀς
510 531 543 598 ἓν
560 539 626 608 τοῖς
637 525 782 618 χρώμασι
798 523 946 618 πυρφόρα
960 527 1018 595 κάν
1032 535 1097 607 τοῖς
1115 526 1278 617 ἀστράσιυ
1304 529 1404 617 ἥλιος.

171 615 242 734 ὂὲἓδ
289 639 363 726 φίρε
380 638 484 703 τοίνυν
503 632 620 712 ἀπόδος
640 635 696 722 τὴν
711 641 767 718 τῆς
779 631 917 720 γλώττης
935 629 1052 720 ἡμέραν
1071 643 1140 711 ταῖς
1157 639 1225 700 τῶν
1247 631 1407 720 ἀπηκόωτ

173 749 243 810 6849
288 741 412 822 ἀκοαῖς,
439 739 496 824 τὴν
512 743 576 804 τῶν
593 738 768 824 ὀφθαλμῶν
782 735 886 803 εάδίαν
900 743 939 822 τῇ
952 743 1014 804 τῶν
1027 733 1182 825 ἡμετίρων
1200 735 1320 821 όψεων
1334 737 1405 821 ὀμί-

118 823 355 943 Ἢέὲῗῶχλῃ.
383 842 585 908 διασκίδασον
604 837 693 926 ἡμῶν
709 845 766 925 τῆς
779 845 884 925 ψυχῆς
900 839 954 906 τδν
972 845 1110 925 χειμῶνα
1128 847 1199 918 ταῖς
1215 840 1333 906 ἀκτῖσι
1350 849 1406 924 τῆς

167 958 199 1012 Ρ.
217 957 270 1014 304
287 953 343 1031 σῆς
364 942 555 1033 ἱλαρότητος.
586 950 702 1032 χρῆσαι
728 949 766 1030 τῇ
791 941 882 1030 ἑορτῇ
906 949 962 1010 τοῦ
988 941 1147 1028 συνήθους
1172 945 1227 1008 καλ
1255 951 1422 1029 γαληνυῖᾱ
1450 1004 1455 1037 ¹

282 1047 492 1134 μειδιάματος.
527 1055 615 1132 γενοῦ
633 1053 727 1114 πᾶσιν
742 1047 931 1133 ἀρχέτυπον,
960 1044 1060 1133 ὥσπερ
1075 1049 1108 1110 ἓν
1124 1055 1189 1122 τοῖς
1208 1045 1332 1124 ἀλλοις
1347 1075 1407 1111 κα-
1451 1050 1456 1059 “

282 1159 367 1235 λυῖς,
396 1149 478 1218 οὕτω
500 1151 557 1228 κάν
577 1157 616 1238 τῇ
636 1155 697 1216 τῶν
718 1152 824 1216 δεινῶν
842 1150 995 1240 καρτερίᾳ.
1023 1146 1110 1234 ἡμεῖς
1126 1151 1229 1214 δὲκαὶ
1245 1157 1321 1215 τῶν
1334 1148 1406 1215 ‘Ea-
1451 1164 1454 1173 '

284 1254 385 1339 λήνων
407 1254 488 1321 ἴστον
504 1253 559 1330 οὓς
581 1251 743 1329 ἀκούοντες
764 1254 795 1318 ἔν
816 1249 914 1340 ταύτῃ
933 1249 1069 1335 μάλιστα
1087 1255 1407 1339 φιλοτιμησαμένοτς
1452 1234 1460 1282 ³

285 1358 502 1442 αἰσχυνοίμεθ’
524 1355 579 1438 ἀν,
609 1360 635 1422 εί
657 1365 721 1432 τοῖς
739 1356 795 1438 μὲν
817 1355 921 1432 ἀλλοις
943 1355 1057 1421 ἅπασιν
1078 1353 1291 1444 ἀριστεόμασι
1316 1361 1408 1422 πλεῖ·
1459 1335 1460 1378 ἡ

284 1487 361 1530 στυν
380 1463 499 1528 ἐκείνων
514 1457 700 1546 διενεγκόντα
715 1456 942 1544 πλουτήσαντες
966 1459 1096 1542 βασιλέα
1121 1461 1153 1525 ἐν
1170 1457 1284 1548 τούτῳ
1312 1458 1437 1549 μόνιριο

284 1565 326 1632 τά
344 1563 472 1652 δεότερα
493 1563 629 1652 ρίροντα
644 1562 817 1646 βλέποιμεν.
853 1562 945 1627 ταῦτ’
963 1561 1026 1648 ἀρα
1039 1565 1090 1626 καλ
1107 1561 1143 1628 τδ
1157 1569 1215 1627 τοῦ
1229 1561 1407 1646 Ἀχιλλέως

288 1670 401 1734 ἐκείνου
418 1669 485 1754 περὶ
500 1669 555 1744 τὰς
570 1665 668 1743 laium
681 1662 857 1750 ἡττώμενον
872 1659 954 1750 ἡθυς
971 1663 1225 1752 ἀποτριψάμενος
1237 1669 1298 1730 καὶ
1324 1665 1408 1750 πρός

259 1783 320 1857 Βγε
335 1771 373 1854 δὴ
387 1777 443 1835 τοῖν
459 1767 644 1846 Μακεδόνος
661 1767 863 1856 Ἀλεξάνδρου
878 1771 1011 1853 μίμησαι
1030 1765 1149 1834 τούτων
1162 1768 1198 1834 τδ
1221 1767 1406 1856 σταθερόν.

285 1878 419 1958 μίμησαι
431 1871 503 1948 τοδς
518 1873 691 1960 Περσικυδς
706 1874 853 1951 βασιλέας
866 1895 899 1938 τε
915 1873 966 1936 καὶ
981 1867 1159 1958 σατράπας,
1186 1867 1308 1938 δπόσυι
1325 1871 1408 1960 πρὸς

286 1977 344 2052 τάς
367 1971 553 2051 ἀντιπάλους
571 1973 667 2059 τάχος
681 1977 770 2040 οὐδὲν
787 1975 909 2061 ἀγεννὲς
920 1972 1137 2061 ἐπεπράχεσαν.
1165 1977 1310 2057 μίμησαι
1327 1975 1438 2050 τυδςηᾱ

286 2077 383 2144 πάλαι
401 2075 560 2162 Ῥωμαίων
581 2075 719 2154 ἀνιάτους
733 2081 783 2146 καλ
797 2081 963 2166 Καίσαρος
969 2127 980 2159 ,
1010 2077 1044 2142 ol*
1063 2080 1115 2142 καὶ
1137 2077 1229 2143 αὐτοὶ
1250 2085 1323 2144 τῶν
1346 2085 1405 2143 τοῦ

282 2180 399 2270 χρόνου
410 2183 516 2248 δεινῶν
527 2178 766 2258 ἀπολελαυκότες
778 2183 826 2246 ἐπὶ
840 2187 896 2246 τοῦ
912 2178 1071 2265 συνήθους
1084 2177 1294 2268 φρονήματος
1307 2183 1405 2266 ἐκαρ-

285 2287 430 2373 τέρησαν.
466 2288 517 2350 καλ
536 2287 570 2350 τί
587 2287 636 2350 δεῖ
657 2281 913 2371 παραδειγμάτων
935 2283 1123 2370 ἀλλοτρίαις
1154 2285 1295 2368 μίμησαι
1321 2310 1405 2349 σαυ-

258 2390 342 2458 (λτδν
350 2439 360 2469 ,
386 2385 491 2464 ὁποῖος
510 2387 655 2465 πολλάκις
671 2385 787 2475 ἐφάνης
800 2390 832 2454 ἓν
849 2397 914 2464 τοῖς
930 2385 1039 2452 ἀλλοτε
1058 2385 1163 2463 ἀλλοις
1179 2387 1408 2453 intremeret

287 2515 337 2556 σοι
360 2497 525 2578 λυπηροῖς·
563 2499 630 2568 πῶς
655 2495 771 2558 πολλοῦ
794 2488 989 2573 πολλαχόθεν
1018 2485 1165 2566 πολλάκις
1186 2489 1437 2570 &vaticanam

287 2592 443 2684 κλύδωνος
459 2591 627 2678 άκλόνητον
642 2597 692 2660 καλ
706 2591 859 2678 ἀήττητον
874 2591 1056 2680 διετήρησας
1070 2593 1127 2678 τὴν
1139 2592 1265 2677 ψυχήν,
1293 2589 1403 2678 ὥσπερ

288 2698 319 2762 οἳ
341 2703 475 2782 βαθεῖαν
492 2696 616 2782 ἀγυντες
631 2694 778 2784 ἡσυχίαις
806 2703 871 2773 πῶς
887 2694 1033 2773 πολλάκις
1046 2704 1109 2764 τῶν
1126 2693 1274 2780 ἀπηκάαιν
1291 2693 1402 2783 ἆμαρ-

286 2799 452 2883 τημάτων,
488 2803 574 2885 δίκην
602 2801 790 2888 ἀκαρπίαν,
822 2800 878 2883 ’τὴν
898 2806 955 2866 rori
983 2805 1088 2888 θυμοῦ
1113 2788 1216 2887 ήάμην
1239 2801 1283 2876 είς
1305 2799 1401 2885 ὄγκον
1461 2863 1462 2866 ,

287 2902 433 2986 κυμάτων
448 2905 567 2989 ίγείρειν
583 2903 753 2970 ἐθελόντων
767 2902 824 2988 υάχ
838 2900 978 2988 ἡττήθης
991 2901 1131 2969 πάντοτε·
1158 2902 1240 2968 ἀλλά
1254 2900 1400 2988 γενναιό-

162 3015 163 3019 ’
229 2999 234 3004 ’
260 3015 360 3090 Ιλτητι
380 3004 537 3094 χριόμενος
558 3009 608 3071 καὶ
626 3007 742 3072 συνέσει
759 3013 863 3091 ψυχῆς
875 3005 943 3072 ἀντὶ
964 3011 1021 3072 τυῦ
1042 3004 1179 3086 κολάζειν
1193 3005 1269 3086 τοδς
1286 3001 1435 3094 ἀμσρ-ἓὸ

357 3115 398 3172 16.
422 3115 470 3172 καὶ
487 3125 547 3173 ante
564 3117 644 3173 Καίσ.
663 3135 712 3172 um.
730 3119 762 3171 Δ.
838 3120 880 3173 20.
904 3121 949 3173 σοι
965 3135 1014 3171 oro.
1034 3119 1065 3172 A,

233 3231 236 3240 ·
287 3219 404 3274 purpura
418 3208 445 3258 et
455 3204 494 3256 sol
503 3205 572 3258 inter
585 3205 679 3258 sidera.
714 3205 770 3272 Age
783 3221 846 3258 vero
865 3205 973 3258 restitue
989 3215 1089 3257 tuorum
1099 3203 1204 3259 auribus
1217 3203 1346 3259 sermome
1358 3203 1400 3258 toi

286 3273 363 3336 diem,
376 3274 503 3326 oculorum
510 3275 672 3328 serenitatem
681 3273 794 3326 vultuum
801 3281 943 3327 nostrorum
953 3274 1066 3342 caligini.
1084 3273 1192 3327 Diaeute
1200 3275 1342 3328 animorum
1350 3293 1400 3328 no-

287 3350 398 3395 strorum
409 3337 587 3413 tempestatem
600 3343 739 3397 hilaritatis
755 3349 816 3396 tuae
828 3343 917 3398 radiis.
953 3344 1033 3396 Utere
1044 3343 1189 3396 festivitate
1200 3343 1272 3397 soliti
1281 3351 1312 3396 et
1325 3351 1400 3397 tran·

287 3411 361 3480 quilii
377 3413 452 3465 risus.
496 3415 621 3467 Omnibus
641 3427 711 3466 exem
731 3411 769 3464 lar
787 3417 857 3476 esto,
886 3419 915 3464 ut
936 3411 1040 3464 aliorum
1063 3413 1184 3466 bonorum
1205 3413 1334 3478 omnium,
1358 3415 1399 3466 ita

287 3481 365 3532 etiam
383 3482 535 3535 tolerantiae
555 3483 684 3536 malumm.
747 3497 777 3533 oa
794 3497 872 3546 vero,
896 3499 952 3534 eum
970 3481 1085 3533 Graecos
1106 3481 1239 3534 nonnullos
1260 3498 1291 3534 aa
1316 3482 1399 3535 valde

286 3550 413 3616 gloriatos
426 3551 570 3616 audiamus,
588 3553 782 3615 erubescemus,
799 3549 857 3603 aliia
873 3549 989 3604 ominibus
1004 3550 1144 3604 virtutibus
1159 3551 1236 3620 longe
1254 3559 1400 3620 praestan-

287 3617 379 3670 tiorem
395 3619 576 3688 imperatorem
588 3620 671 3686 nacti,
694 3637 746 3672 una
764 3621 814 3673 hae
826 3635 856 3672 re
873 3620 942 3673 illum
960 3619 1087 3690 superari.
1121 3619 1291 3690 Quapropter
1303 3619 1399 3672 scuit-

284 3685 319 3738 lis
332 3691 359 3737 ot
372 3687 512 3742 Alexandri
525 3691 593 3742 illins
605 3687 753 3742 Macedonis
771 3687 875 3742 mollitie
895 3687 922 3741 iu
941 3689 1030 3742 dolore
1049 3688 1155 3741 ferendo
1174 3688 1315 3758 repudiata
1332 3705 1398 3741 oon-

286 3753 406 3807 atantiam
418 3775 505 3810 eorum
518 3758 626 3813 imitere.
661 3758 781 3811 Persicos
793 3775 869 3828 reges
884 3766 911 3810 et
928 3765 1046 3828 satrapas
1058 3757 1173 3822 imitare,
1199 3757 1245 3828 qui
1265 3757 1399 3810 adversae

287 3822 409 3875 samanae
420 3842 470 3878 non
484 3835 631 3891 cesserunt,
649 3827 695 3880 aad
709 3827 815 3880 fortiter
827 3827 984 3880 restiterunt.
1019 3827 1123 3880 Imitare
1141 3833 1243 3881 veteres
1262 3827 1398 3879 Romano-

286 3907 342 3946 rum
357 3893 482 3947 Consules
495 3903 522 3948 et
536 3899 675 3958 Caesares,
693 3897 738 3965 qui
753 3903 780 3949 et
791 3897 843 3968 ipsi
857 3903 997 3966 temporum
1013 3897 1115 3966 iniquas
1135 3895 1207 3949 vices
1221 3897 1325 3964 experti
1347 3913 1399 3947 ve·

287 3969 369 4015 terem
382 3962 457 4015 animi
470 3965 638 4018 mnatantiarn
650 3971 795 4018 tenuerunt.
831 3963 868 4018 Et
883 3965 943 4036 quid
955 3965 1045 4020 alienis
1058 3965 1180 4036 exesnplis
1192 3973 1233 4018 eat
1245 3965 1337 4034 opus?
1352 3965 1398 4016 Ta

287 4031 371 4115 ipsura
382 4031 499 4099 imitare,
517 4051 548 4087 ac
560 4034 635 4086 talem
648 4041 676 4086 te
690 4035 829 4105 praebeto,
848 4034 931 4105 qualis
942 4036 1050 4088 antehac
1069 4034 1097 4086 in
1110 4034 1191 4086 variis
1202 4033 1306 4087 casibus
1326 4033 1396 4086 exti-

287 4101 353 4154 tau.
389 4101 498 4165 Quoties
508 4103 536 4156 in
546 4103 661 4154 maxhnis
681 4105 876 4173 tempestatibus
898 4105 1074 4156 inconcussum
1094 4111 1122 4156 at
1139 4101 1261 4156 inmotum
1281 4101 1395 4155 animun

288 4171 464 4237 conservasti,
482 4187 533 4226 uon
544 4171 618 4224 aliter
631 4189 706 4243 quam
720 4173 764 4243 qui
777 4190 869 4226 summa
879 4173 1065 4243 tranquillitate
1077 4171 1190 4226 vivuat?
1207 4169 1319 4234 Quoties
1332 4173 1397 4223 aub—
1461 4169 1462 4178 ’

287 4237 399 4293 (litorum
415 4251 516 4294 tuorum
536 4239 664 4312 peccatis,
688 4241 809 4311 impetum
829 4242 905 4294 animi
925 4241 962 4294 tui
979 4241 1007 4294 iu
1025 4259 1142 4311 magnam
1160 4241 1284 4294 fluctuum
1300 4241 1395 4294 molem

286 4311 409 4429 tanpuam
427 4310 576 4394 quibusdam
596 4311 681 4364 ventis
690 4311 808 4364 attollere
827 4311 1002 4378 certantibus,
1031 4327 1190 4380 nequaquam
1210 4308 1316 4362 affectui
1336 4327 1396 4362 oes-

287 4375 336 4430 aist
353 4394 362 4443 ς
379 4377 426 4433 aed
438 4381 596 4436 mcundiam
610 4389 696 4448 mam,
712 4397 788 4453 quam
800 4377 860 4435 illos
870 4381 975 4436 fortiter
988 4397 1019 4435 ao
1033 4379 1176 4452 pmdanter
1187 4379 1317 4450 castigare
1338 4395 1395 4432 raa-
