2998 4872
230 273 254 320 x
388 266 398 290 ·
655 255 900 330 Iunonum

232 440 361 504 quorum
378 419 431 481 ille
444 419 499 481 vix
512 437 605 482 unum
625 415 731 476 batim
749 435 869 478 versum
889 417 1049 499 proximus
1068 417 1159 479 morti
1173 419 1328 498 relegerat,

230 524 509 606 interpretationem
536 523 681 602 integram
709 529 779 601 poet
804 519 919 580 obitum
948 521 1011 581 eiua
1028 529 1182 600 utcunque
1204 523 1329 584 absolvi.

230 627 315 688 Bello
330 627 449 688 demum
462 625 558 685 atroci
574 645 628 705 per
649 621 820 684 universam
835 623 985 702 Europam
999 621 1146 682 saeviente
1159 623 1331 705 interrupte

229 730 315 813 pacis
336 749 436 812 opera.
476 727 581 806 Itaque
599 733 630 787 et
652 725 803 804 Gregoree
825 723 922 784 nostri
944 723 1034 784 editio
1055 723 1089 784 in
1110 723 1193 786 aliud
1210 736 1330 807 tempus

230 833 339 892 dilata:
360 833 410 892 cni
424 829 532 891 deinde
544 849 628 890 mors
642 827 700 888 alia
714 826 911 888 funestissima
927 825 1046 904 eccidit,
1057 827 1239 890 hlei-chionis
1255 831 1330 890 Tan-

228 953 312 994 aasn
324 935 463 994 chonn
478 952 559 992 mors
571 929 742 1012 repentina,
763 949 841 1010 qnae
855 931 1022 1014 praeclaras
1032 930 1100 992 illae
1114 931 1330 1012 cogitationum

227 1055 362 1097 mearum
379 1055 447 1116 spes
460 1035 582 1096 omnino
601 1035 662 1095 fere
676 1034 795 1094 evertit.

313 1139 470 1199 Caeterum
484 1157 523 1198 ex
539 1137 577 1198 iis
591 1137 664 1218 ipsis
679 1136 808 1218 publicis
822 1135 1007 1218 privatisque
1024 1133 1244 1198 calamitatibus
1263 1137 1330 1198 fru-

230 1249 312 1302 ctum
331 1239 416 1301 hunc
429 1241 517 1322 cepi,
539 1239 621 1321 quod
636 1239 712 1299 mihi
727 1260 783 1321 per
800 1239 903 1300 decem
925 1261 1018 1300 annos
1033 1259 1067 1299 ea
1090 1257 1166 1319 qnae
1183 1238 1331 1320 scripsis-

228 1363 290 1403 sem
316 1345 465 1422 corrigere
486 1353 516 1403 et
538 1361 699 1416 acceuare,
728 1360 765 1400 ac
792 1349 945 1422 praeterea
967 1339 1042 1400 alios
1063 1339 1211 1421 Gregorae
1236 1343 1331 1404 libros

228 1465 334 1506 ernem
359 1466 376 1506 e
398 1443 529 1505 tenebris
557 1453 588 1503 et
611 1443 651 1504 ed
671 1443 739 1503 illos
764 1463 839 1522 quos
864 1441 996 1523 primum
1021 1443 1191 1504 habuissem
1221 1445 1334 1507 addere

228 1548 362 1608 vacavit.
403 1546 501 1606 Variis
525 1565 634 1626 nempe
656 1545 796 1604 codicum
813 1544 1087 1624 manuscriptorum
1103 1549 1244 1626 catalogis
1257 1569 1331 1630 per-

226 1648 315 1710 lectis
335 1649 489 1727 intellexi,
513 1649 610 1708 editoa
634 1647 725 1708 luisse
742 1645 940 1726 sllicephoro
957 1647 1089 1728 Gregora
1108 1647 1249 1711 historiae
1266 1653 1331 1732 By-

228 1753 368 1812 zantinus
380 1751 474 1812 libros
486 1752 580 1812 multo
595 1752 696 1833 plnres
704 1795 714 1828 ,
736 1769 825 1830 qnam
840 1758 916 1829 quot
932 1749 995 1812 sive
1012 1751 1149 1833 impressi
1161 1755 1225 1814 sive
1239 1773 1331 1815 mann

229 1855 338 1936 scripti
351 1854 384 1914 in
400 1853 510 1935 pluteis
526 1854 624 1934 Regiis
638 1861 784 1914 extarent.
827 1851 937 1912 Docuit
951 1873 999 1912 me
1013 1855 1161 1933 labbeus,
1183 1857 1331 1938 repositos

227 1957 321 2018 latere
332 1957 364 2018 in
373 1956 559 2017 Bibliotheca
568 1957 748 2018 Scorialensi
762 1956 856 2016 libros
871 1958 935 2020 eius
950 1959 1082 2022 samoris
1094 1959 1253 2022 historicos
1269 1979 1331 2019 un·

228 2060 408 2140 detrigints:
430 2079 487 2120 nec
504 2059 600 2119 multo
617 2069 688 2140 poet
702 2061 734 2120 in
752 2059 885 2120 codicem
901 2062 1025 2142 llegium
1039 2063 1151 2140 incidi,
1174 2062 1226 2142 qui
1246 2063 1332 2142 vige·

227 2163 339 2223 simum
360 2173 499 2224 octavum
522 2171 552 2221 et
577 2161 755 2241 vigesimum
775 2183 890 2222 nonum
913 2164 1072 2228 historicos
1093 2163 1237 2244 habebat,
1259 2185 1331 2226 cum

228 2275 358 2346 quatuor
370 2265 546 2345 dogmaticis
560 2267 749 2327 coniunctos.
792 2264 892 2324 Didici
909 2287 947 2327 ex
964 2269 1119 2350 Apparatu
1133 2289 1217 2328 sacro
1232 2269 1330 2328 Anto-

226 2367 270 2426 nii
293 2368 446 2428 l'oesevini
469 2377 498 2428 et
520 2387 559 2428 ex
580 2369 675 2428 veteri
696 2368 830 2447 catalogo
846 2369 917 2446 bls,
941 2373 1086 2432 asservari
1099 2371 1131 2430 in
1144 2371 1329 2432 Bibliotheca

227 2469 373 2530 Vaticana
397 2469 556 2531 historiam
585 2471 718 2532 eiusdem
745 2471 893 2550 Gregoree
919 2473 1176 2546 Ecclesiasticam,
1205 2481 1235 2532 et
1256 2475 1330 2533 Acta

228 2573 367 2650 concilii,
389 2593 442 2634 seu
456 2574 504 2658 (nt
518 2573 628 2634 ibidem
641 2573 783 2665 nocetur)
796 2579 1044 2640 ΛΗΣΤΡΙΚΗΣ
1056 2574 1270 2650 moron
1294 2597 1330 2636 ac

226 2677 429 2736 narrationem
442 2677 660 2758 persecutionis
674 2675 706 2736 in
721 2675 915 2738 orthodoxos
929 2689 1026 2738 motae
1040 2700 1056 2738 a
1071 2679 1230 2738 Palamitis.
1270 2680 1331 2738 lle-

225 2797 310 2838 muns
325 2781 360 2842 R.
374 2779 406 2839 P.
421 2781 456 2838 D.
471 2781 596 2840 Ioannes
613 2779 826 2854 mabillonius,
847 2779 900 2860 qui
915 2787 1017 2839 nostra
1029 2779 1105 2840 haec
1122 2779 1221 2840 studia
1240 2779 1330 2840 adiu-

224 2881 319 2942 vandi
332 2883 447 2942 nullam
462 2883 648 2944 occationem
658 2883 878 2965 praetermittit,
901 2883 1134 2943 communicavit
1147 2903 1264 2943 mecum
1276 2883 1331 2942 in-

226 2981 325 3042 dicem
336 2993 510 3045 accuratum
521 2987 670 3048 librorum
679 3010 745 3052 xxi.
758 2989 792 3050 in
803 3009 865 3049 uno
877 2987 981 3048 codice
991 2985 1134 3047 Vaticano
1147 2986 1330 3063 extantium3

226 3105 358 3165 qnorum
373 3086 487 3166 primns
501 3099 577 3150 esset
592 3090 732 3175 δευτέρου
746 3093 864 3174 βιβλίου
880 3086 966 3174 λόγος
981 3084 1003 3163 ξ
1012 3135 1020 3165 ,
1045 3089 1152 3166 idest,
1174 3087 1331 3148 &candae

225 3191 335 3248 Partis
349 3189 426 3250 liber
445 3194 611 3272 septimus,
640 3213 692 3254 seu
708 3195 802 3255 totius
814 3192 956 3252 historiae
970 3191 1102 3250 decimus
1119 3199 1258 3268 octavus,
1282 3191 1330 3252 ul-

224 3290 318 3354 timus
331 3311 404 3352 vero
416 3293 650 3379 inscriberetur,
669 3293 836 3378 Ῥωμαϊκῆς
851 3293 983 3376 ἱστορίας
996 3287 1052 3376 λη’,
1074 3313 1126 3354 seu
1139 3297 1331 3374 Byzantinus

225 3395 387 3453 Historiae
399 3395 476 3454 liber
489 3415 628 3461 xxxrrrt.

310 3497 536 3579 Peropportune
548 3509 647 3559 autem
660 3497 787 3577 accidit,
807 3507 845 3559 ut
857 3499 969 3558 Romae
985 3517 1041 3580 per
1052 3497 1086 3558 id
1103 3507 1223 3579 tempus
1246 3517 1330 3558 com·

225 3611 396 3662 monmtur
405 3603 454 3662 vir
467 3601 654 3664 humanitate
674 3601 819 3682 singulari
839 3601 993 3684 praeditus
1016 3603 1039 3663 1.
1052 3601 1227 3679 Viventius,
1250 3603 1278 3660 S.
1292 3599 1329 3664 Τ.

224 3699 342 3764 Doctus
357 3703 550 3784 Perisieneis,
569 3705 706 3784 idemque
730 3704 836 3766 Socim
856 3703 1047 3768 Sorbonicns.
1090 3703 1188 3764 Huius
1208 3723 1279 3762 eura
1298 3711 1330 3762 et

226 3806 361 3866 officiosa
374 3807 411 3867 Β.
423 3807 457 3870 P.
470 3807 505 3870 l).
518 3807 707 3890 stephanotii
721 3807 894 3882 sedulitate,
908 3807 1078 3888 sumptibus
1090 3813 1189 3866 antem
1203 3803 1250 3862 lll.
1263 3803 1329 3863 Ab·

224 3908 302 3970 batia
327 3910 462 3970 Quaem
482 3911 644 3988 Temseu,
675 3909 769 3972 libros
792 3929 902 3974 novem
922 3929 961 3970 ex
979 3909 1084 3968 codice
1109 3906 1253 3968 Vaticano
1276 3905 1328 3964 de·

225 4011 356 4090 scriptos
369 4021 399 4072 et
416 4013 509 4072 Roma
524 4013 562 4073 sd
575 4034 623 4073 me
639 4013 747 4074 allatos
762 4031 832 4072 cum
849 4011 939 4072 avide
952 4011 1107 4090 legissem,
1129 4005 1330 4068 animadverti

227 4133 290 4174 eam
309 4113 406 4194 ipsam
420 4133 484 4175 esse
505 4114 660 4178 historiam
673 4113 914 4177 Ecclesiasticam
928 4161 937 4190 ,
959 4113 1045 4173 cuins
1063 4109 1176 4172 mentio
1190 4110 1269 4169 facta
1281 4127 1329 4168 es-

226 4227 271 4278 set
284 4239 301 4277 a
314 4219 475 4280 Posaevino
487 4218 520 4279 in
536 4218 690 4304 Appsrstu
703 4239 800 4282 estro.
843 4217 883 4280 lli
897 4235 1007 4278 novem
1019 4213 1107 4294 libri,
1129 4213 1169 4276 sd
1188 4211 1329 4274 undecim
