2998 4872
357 343 592 416 memnoni
614 341 854 414 ouuoonm
874 341 1054 445 moen
1140 353 1250 404 mm

141 502 213 588 λερδ
235 499 365 580 σύνοδος
389 500 571 586 ύπέγραψαν
595 499 691 584 δμού·
720 502 740 568 ύ
761 505 916 586 Γρηγορᾶς
933 497 992 583 τὴν
1011 495 1104 589 ἦτρον
1124 501 1176 566 καλ
1195 500 1252 585 την

142 587 295 671 αἰσχύνην
318 586 361 671 μη
384 587 504 669 φέρον,
527 583 589 670 ἅμα
607 588 640 652 δέ
657 587 710 651 παλ
735 585 796 652 sino*
816 593 878 651 τοῖν
892 583 1078 670 δμοφρόνεον
1093 583 1189 652 αύπού
1201 613 1252 652 xe-

141 677 273 756 νηθεὶς,
295 675 337 748 οἷς
359 669 451 748 αύτύς
476 673 589 748 ἐκεῖνος
609 675 643 738 έν
665 679 729 747 τοῖς
742 675 865 747 οἰκείοις
878 669 980 755 λόγοις
995 675 1081 753 φησὶ,
1104 670 1178 738 κατὰ
1195 679 1252 755 τῆς

143 756 281 826 σονύδον
303 759 355 824 παὶ
378 765 435 822 τοῦ
458 760 541 840 ἱεροῦ
564 754 656 841 νόμον
668 765 760 841 χωρεῖ
772 758 823 821 παλ
838 761 977 839 πειρᾶσαι
992 755 1093 840 λόγοις
1108 761 1252 842 ἀναῤῥη-

139 854 263 950 suom!
275 841 316 920 οἷς
333 844 446 951 ἐκρῖνος
458 842 616 954 ύπέλαβεν,
640 839 816 950 ἀνατρέπειν
830 843 938 950 έκεῖναὲ
971 841 1173 926 σνγγρύφεναι
1186 846 1252 910 τολ-

141 955 205 996 ννν
227 937 375 1014 λογονςη
403 931 559 1012 διολογονς
580 932 671 1008 leno,
692 953 748 1006 ους
761 927 892 1010 κατέχον
915 949 956 1008 ην
970 923 1044 1010 παρ’
1063 928 1178 1014 έαοπῷ,
1198 929 1253 994 seul

142 1023 212 1090 τοῖς
229 1011 398 1096 ύμύφροσιν
413 1014 522 1078 ἑαυτοῦ
539 1009 642 1098 μόνοις
652 1009 723 1078 κατ’
740 1009 826 1080 oleon
840 1007 1098 1094 ἐπιδεικνύμενος,
1123 1023 1180 1074 eto.

180 1105 182 1116 ’
232 1100 422 1181 Nicephorus
439 1101 584 1178 Gregorss
596 1099 744 1161 Barlaami
758 1111 789 1160 et
804 1099 959 1178 Acindyni
974 1097 1168 1180 opinionibus
1179 1120 1253 1181 per-

142 1185 243 1248 versis
262 1185 321 1244 iam
343 1186 415 1244 olim
446 1185 688 1256 adhaerescens,
718 1195 807 1265 etque
835 1185 952 1244 idcirco
979 1183 1179 1244 orthodoxam
1198 1187 1254 1246 Dei

143 1271 303 1332 ecclesium
329 1271 530 1349 obtrectabat,
558 1273 630 1332 licet
659 1271 831 1332 clanculum
858 1279 887 1329 et
916 1269 998 1350 apud
1019 1291 1129 1350 paucos
1160 1269 1198 1328 ed
1221 1291 1254 1331 se

144 1357 291 1416 udeuutes
309 1356 344 1416 id
365 1357 492 1432 lacerem
515 1358 645 1438 <lenique
667 1377 735 1435 ergo
757 1355 883 1416 senioris
906 1354 1060 1414 doctrinae
1084 1355 1274 1436 defensores¹

143 1443 227 1502 male
239 1442 363 1500 omnino
376 1450 439 1500 eret
455 1441 589 1505 effeetus.
632 1443 756 1533 Demum
772 1449 875 1500 coacte
888 1439 1047 1500 novissimo
1059 1441 1111 1500 illo
1125 1441 1253 1520 synodo,

113 1593 118 1602 .
143 1526 201 1586 cui
215 1526 422 1607 praesidebant
431 1526 672 1606 religiosissimus
696 1536 727 1586 et
742 1545 843 1584 emens
865 1523 975 1584 Christi
991 1525 1156 1607 imperator
1167 1526 1251 1590 Dom.

143 1611 273 1672 Ioannes
295 1612 522 1672 Cautacuzenus
539 1612 608 1674 etis
625 1612 757 1690 quitum
778 1609 950 1691 patriarcha
971 1620 1035 1671 erat
1052 1613 1137 1672 Dom.
1161 1611 1253 1670 Celli-

145 1707 232 1774 stus,
252 1706 319 1756 tum
339 1717 412 1756 vero
429 1697 588 1775 Gregoras·
604 1706 633 1756 et
657 1697 709 1756 alii
725 1717 794 1756 cum
810 1717 845 1755 eo
860 1696 1037 1772 sentientes,
1059 1697 1090 1756 in
1105 1697 1190 1756 illum
1202 1719 1254 1756 su-

147 1802 235 1842 crem
248 1781 396 1861 synodum
410 1781 552 1860 ingressi,
576 1779 709 1842 convicti
723 1791 794 1842 sunt
811 1800 949 1840 errorum
961 1782 1108 1842 Barlaami
1123 1783 1254 1842 etAciu-

148 1867 243 1946 elysii:
261 1887 367 1947 nempe
385 1867 420 1926 iu
432 1868 619 1928 divinitatem
640 1867 786 1946 unigeniti
806 1865 875 1926 Filii
893 1865 963 1940 Dei,
986 1876 1016 1926 et
1034 1867 1067 1926 in
1088 1867 1255 1928 naturalem

148 1951 309 2012 Trinium
317 1953 523 2033 operationem
539 1953 724 2033 gratiamque
739 1961 768 2012 et
775 1950 965 2034 splendorem
980 1951 1106 2034 pessime
1115 1951 1256 2034 blaephe-

146 2045 284 2114 mantea,
305 2057 342 2096 eo
358 2057 420 2097 nou
438 2039 529 2098 modo
548 2047 684 2101 veterum
706 2039 769 2098 lere
792 2036 928 2097 omnium
948 2035 1181 2116 haereticorum,
1203 2037 1256 2098 sed

147 2131 182 2182 et
195 2122 352 2201 gentilium
367 2124 518 2186 erroribus
533 2123 786 2206 opinionibusque
799 2131 911 2182 temere
923 2121 1039 2204 abrepti
1055 2131 1085 2183 et
1099 2125 1183 2184 velut
1197 2123 1257 2184 oir-

148 2207 291 2270 cumooti.
335 2207 539 2282 Quamobrem
551 2230 635 2269 encre
650 2210 783 2290 synodus
796 2207 897 2289 ipsum
913 2215 943 2267 et
959 2209 1065 2283 socios,
1086 2207 1170 2268 haud
1182 2227 1256 2288 poe-

147 2294 299 2366 nitentes,
319 2293 357 2353 ub
373 2293 516 2356 universo
529 2294 778 2356 orthodoxorum
789 2302 877 2352 coetu
888 2293 955 2352 iuro
973 2314 1008 2352 ac
1019 2293 1126 2352 merito
1140 2293 1256 2354 abscis-

146 2399 200 2439 sos
221 2377 378 2440 anathema
395 2397 457 2440 esee
473 2379 577 2459 iussit,
599 2389 692 2462 prout
709 2381 834 2438 Petrum
850 2379 1111 2458 conciliorumque
1128 2378 1256 2439 decretio

149 2473 273 2524 cautum
288 2473 373 2524 esset.
403 2465 490 2526 Tune
501 2475 531 2525 et
544 2465 707 2546 synodicus
714 2466 824 2524 'somus
837 2463 962 2544 prodiit,
978 2464 1027 2524 cui
1041 2474 1071 2524 et
1080 2463 1255 2546 imperator,

148 2559 182 2610 et
199 2551 251 2610 ille
267 2569 358 2630 quem
379 2549 445 2610 dixi
458 2548 649 2632 patriarcba,
671 2559 701 2610 et
712 2549 967 2610 sanctissimorum
981 2549 1160 2630 pontificum
1173 2559 1257 2610 sucre

147 2637 297 2716 ογοοδοε,
318 2655 381 2694 οπο
396 2655 499 2696 omnes
511 2637 765 2716 subscripserunt.
808 2633 849 2696 At
860 2636 1006 2714 Gregorss
1020 2635 1099 2696 hauc
1115 2636 1152 2695 de
1166 2657 1198 2696 as
1210 2633 1258 2696 vi-

150 2721 279 2782 ctoriam
293 2729 325 2780 et
338 2719 467 2782 dedecus
481 2743 545 2783 uon
562 2723 682 2800 serene,
695 2723 698 2728 ’
709 2720 963 2802 eoeiis·praetereu
975 2720 1201 2799 instigantibus,
1221 2729 1258 2780 ut

151 2807 219 2887 ipen
239 2807 273 2867 iu
297 2805 385 2865 libris
409 2807 469 2887 ait,
497 2809 646 2886 synodum
668 2805 759 2866 simul
780 2814 809 2865 et
831 2825 947 2866 ssorum
968 2805 1098 2865 Tomum‘
1119 2805 1257 2885 aggredi-

153 2901 219 2968 tur,
243 2901 274 2952 et
284 2891 470 2952 orationibus
487 2889 535 2973 (ut
550 2892 611 2974 ipsi
624 2887 795 2970 videbatur)
811 2888 1020 2952 antirrheticis
1037 2899 1162 2950 conetur
1175 2909 1258 2952 erer-

155 2985 229 3036 tere.
278 2976 447 3036 conscribit
467 2977 570 3056 itsque
604 2977 752 3037 orationes
783 2993 838 3034 seu
870 2975 1005 3054 dialogos
1034 2975 1153 3054 decem,
1182 2995 1258 3056 quos

154 3061 300 3210 quqdqq
314 3063 454 3209 qervsbat
464 3107 475 3140 ,
504 3063 645 3144 domique
666 3061 705 3122 iia
726 3061 825 3122 solum
853 3060 907 3141 qui
928 3080 1029 3122 secum
1055 3063 1259 3124 consentirent

153 3158 200 3209 osl
301 3169 341 3208 e.

482 3262 554 3330 Vll.
573 3261 773 3353 Acindynus
794 3261 925 3330 iterans.

156 3409 161 3422 ·
199 3366 247 3433 Σύ
264 3370 392 3451 σίμβλον
407 3365 483 3452 alili,
504 3369 557 3434 nul
571 3363 664 3452 λύγον
682 3366 748 3450 μέλι
759 3363 873 3450 βρύεις,

188 3453 293 3536 Ἀνθη
310 3449 449 3535 σννύξας,
471 3463 527 3518 eto.
541 3465 680 3538 utsupra
692 3454 726 3514 in
743 3453 822 3517 Vita.

239 3557 337 3637 Adde,

199 3661 267 3725 Ολεε
280 3683 316 3742 με
331 3663 398 3736 ποδς
412 3664 489 3744 γοῦν
503 3658 556 3724 παλ
568 3663 722 3724 κινεῖσθαι
735 3655 788 3722 καὶ
801 3657 913 3737 πνέειν,

199 3747 264 3810 Καὶ
278 3743 351 3822 τούς
365 3741 500 3829 ύγοιγούς
515 3750 570 3827 τῆς
584 3751 688 3827 ψυχῆς
702 3739 886 3824 διευθύνειν,

200 3831 265 3896 Καὶ
281 3835 337 3910 τῆς
349 3827 482 3915 δνύγκης
498 3827 552 3905 πδς
570 3827 705 3914 στροφὰς
717 3824 907 3906 α’ποπλέπειν,

199 3921 268 3981 Σοῦ
281 3913 325 4024 μοὶ
340 3911 487 3998 λαλούσης
496 3920 552 3998 τῆς
565 3921 668 3997 πνοῆς
678 3939 736 3996 μον
749 3919 810 3978 τῶν
822 3911 935 3996 λύγον,

202 4001 256 4082 Νη
271 4027 344 4077 τους
358 3997 484 4086 λύγους,
506 3999 628 4083 ύψνγον
642 3997 784 4082 ἄντικρυς
798 3999 906 4086 βρέτας

202 4085 281 4164 Elui
297 4090 455 4162 Βυζανείδι
469 4091 569 4160 ηανδς
584 4085 786 4168 πεπηγρένον,

204 4168 275 4235 Κύν
289 4179 353 4249 τοῖς
365 4168 506 4256 θεύιροις
521 4165 634 4246 ύκλεοῖς
648 4167 829 4256 α’νηρμένον.

195 4252 255 4321 ”Ao
273 4263 351 4340 γοῦν
366 4252 491 4342 ύνολξης
505 4253 687 4340 πνενμύτοιν
706 4275 761 4322 σον
777 4253 849 4331 πούς
860 4247 974 4332 τύνονς,

204 4342 268 4407 Καὶ
281 4349 404 4428 πνεύγα
417 4338 551 4430 πνεύσης
565 4347 697 4422 (minuo
710 4341 741 4420 λξ
754 4336 901 4426 ύργύνοιν,
